Local time,Ask,Bid,AskVolume,BidVolume
25.12.2023 02:30:05.172 GMT+0330,1.1021,1.10108,900,900
25.12.2023 02:30:41.134 GMT+0330,1.10203,1.10139,900,900
25.12.2023 02:40:04.666 GMT+0330,1.10203,1.10149,900,900
25.12.2023 03:08:16.199 GMT+0330,1.10204,1.10149,900,900
25.12.2023 03:19:50.189 GMT+0330,1.10185,1.10159,900,900
25.12.2023 03:19:53.451 GMT+0330,1.10204,1.10149,900,900
25.12.2023 03:24:41.756 GMT+0330,1.10203,1.10149,900,900
25.12.2023 03:24:44.265 GMT+0330,1.10204,1.10149,900,900
25.12.2023 03:24:44.766 GMT+0330,1.10203,1.10149,900,900
25.12.2023 03:24:47.272 GMT+0330,1.10204,1.10149,900,900
25.12.2023 03:24:47.774 GMT+0330,1.10203,1.10149,900,900
25.12.2023 03:24:50.282 GMT+0330,1.10204,1.10149,900,900
25.12.2023 03:24:54.846 GMT+0330,1.10203,1.10149,900,900
25.12.2023 03:24:56.299 GMT+0330,1.10204,1.10149,900,900
25.12.2023 03:24:56.752 GMT+0330,1.10203,1.10149,900,900
25.12.2023 03:24:59.309 GMT+0330,1.10204,1.10149,900,900
25.12.2023 03:24:59.762 GMT+0330,1.10203,1.10149,900,900
25.12.2023 03:25:02.268 GMT+0330,1.10204,1.10149,900,900
25.12.2023 03:25:18.567 GMT+0330,1.10203,1.10149,900,900
25.12.2023 03:25:21.174 GMT+0330,1.10204,1.10149,900,900
25.12.2023 03:25:54.838 GMT+0330,1.10203,1.10149,900,900
25.12.2023 03:25:56.294 GMT+0330,1.10204,1.10149,900,900
25.12.2023 03:25:56.797 GMT+0330,1.10203,1.10149,900,900
25.12.2023 03:25:59.307 GMT+0330,1.10204,1.10149,900,900
25.12.2023 03:25:59.759 GMT+0330,1.10203,1.10149,900,900
25.12.2023 03:26:00.161 GMT+0330,1.10204,1.10149,900,900
25.12.2023 03:26:03.625 GMT+0330,1.10203,1.10149,900,900
25.12.2023 03:26:06.135 GMT+0330,1.10204,1.10149,900,900
25.12.2023 03:26:06.588 GMT+0330,1.10203,1.10149,900,900
25.12.2023 03:26:09.148 GMT+0330,1.10204,1.10149,900,900
25.12.2023 03:26:17.781 GMT+0330,1.10203,1.10149,900,900
25.12.2023 03:26:20.291 GMT+0330,1.10204,1.10149,900,900
25.12.2023 03:26:24.857 GMT+0330,1.10203,1.10149,900,900
25.12.2023 03:26:26.312 GMT+0330,1.10204,1.10149,900,900
25.12.2023 03:26:26.764 GMT+0330,1.10203,1.10149,900,900
25.12.2023 03:26:29.271 GMT+0330,1.10204,1.10149,900,900
25.12.2023 03:26:29.773 GMT+0330,1.10203,1.10149,900,900
25.12.2023 03:26:30.174 GMT+0330,1.10204,1.10149,900,900
25.12.2023 03:26:44.818 GMT+0330,1.10203,1.10149,900,900
25.12.2023 03:26:47.275 GMT+0330,1.10204,1.10149,900,900
25.12.2023 03:26:59.814 GMT+0330,1.10203,1.10149,900,900
25.12.2023 03:27:02.271 GMT+0330,1.10204,1.10149,900,900
25.12.2023 03:27:13.855 GMT+0330,1.10203,1.10149,900,900
25.12.2023 03:27:15.161 GMT+0330,1.10204,1.10149,900,900
25.12.2023 03:27:15.613 GMT+0330,1.10203,1.10149,900,900
25.12.2023 03:27:17.974 GMT+0330,1.10204,1.10149,900,900
25.12.2023 03:27:18.626 GMT+0330,1.10203,1.10149,900,900
25.12.2023 03:27:20.282 GMT+0330,1.10204,1.10149,900,900
25.12.2023 03:27:20.785 GMT+0330,1.10203,1.10149,900,900
25.12.2023 03:27:21.137 GMT+0330,1.10204,1.10149,900,900
25.12.2023 03:27:31.842 GMT+0330,1.10203,1.10149,900,900
25.12.2023 03:27:32.295 GMT+0330,1.10204,1.10149,900,900
25.12.2023 03:27:47.799 GMT+0330,1.10203,1.10149,900,900
25.12.2023 03:27:50.310 GMT+0330,1.10204,1.10149,900,900
25.12.2023 03:27:50.811 GMT+0330,1.10203,1.10149,900,900
25.12.2023 03:27:53.268 GMT+0330,1.10204,1.10149,900,900
25.12.2023 03:27:54.621 GMT+0330,1.10203,1.10149,900,900
25.12.2023 03:27:57.178 GMT+0330,1.10204,1.10149,900,900
25.12.2023 03:28:13.827 GMT+0330,1.10203,1.10149,900,900
25.12.2023 03:28:14.279 GMT+0330,1.10204,1.10149,900,900
25.12.2023 03:28:15.883 GMT+0330,1.10203,1.10149,900,900
25.12.2023 03:28:17.288 GMT+0330,1.10204,1.10149,900,900
25.12.2023 03:28:18.893 GMT+0330,1.10203,1.10149,900,900
25.12.2023 03:28:20.296 GMT+0330,1.10204,1.10149,900,900
25.12.2023 03:28:32.831 GMT+0330,1.10203,1.10149,900,900
25.12.2023 03:28:35.289 GMT+0330,1.10204,1.10149,900,900
25.12.2023 03:28:39.651 GMT+0330,1.10203,1.10149,900,900
25.12.2023 03:28:42.160 GMT+0330,1.10204,1.10149,900,900
25.12.2023 03:28:44.817 GMT+0330,1.10203,1.10149,900,900
25.12.2023 03:28:47.274 GMT+0330,1.10204,1.10149,900,900
25.12.2023 03:28:48.627 GMT+0330,1.10203,1.10149,900,900
25.12.2023 03:28:51.145 GMT+0330,1.10204,1.10149,900,900
25.12.2023 03:28:56.861 GMT+0330,1.10203,1.10149,900,900
25.12.2023 03:28:59.268 GMT+0330,1.10204,1.10149,900,900
25.12.2023 03:29:00.622 GMT+0330,1.10203,1.10149,900,900
25.12.2023 03:29:03.179 GMT+0330,1.10204,1.10149,900,900
25.12.2023 03:29:03.631 GMT+0330,1.10203,1.10149,900,900
25.12.2023 03:29:06.137 GMT+0330,1.10204,1.10149,900,900
25.12.2023 03:29:06.639 GMT+0330,1.10203,1.10149,900,900
25.12.2023 03:29:09.146 GMT+0330,1.10204,1.10149,900,900
25.12.2023 03:29:09.648 GMT+0330,1.10203,1.10149,900,900
25.12.2023 03:29:12.155 GMT+0330,1.10204,1.10149,900,900
25.12.2023 03:29:12.657 GMT+0330,1.10203,1.10149,900,900
25.12.2023 03:29:15.163 GMT+0330,1.10204,1.10149,900,900
25.12.2023 03:29:15.615 GMT+0330,1.10203,1.10149,900,900
25.12.2023 03:29:18.136 GMT+0330,1.10204,1.10149,900,900
25.12.2023 03:29:18.688 GMT+0330,1.10203,1.10149,900,900
25.12.2023 03:29:20.295 GMT+0330,1.10204,1.10149,900,900
25.12.2023 03:29:20.847 GMT+0330,1.10203,1.10149,900,900
25.12.2023 03:29:21.149 GMT+0330,1.10204,1.10149,900,900
25.12.2023 03:29:26.819 GMT+0330,1.10203,1.10149,900,900
25.12.2023 03:29:29.279 GMT+0330,1.10204,1.10149,900,900
25.12.2023 03:29:30.685 GMT+0330,1.10203,1.10149,900,900
25.12.2023 03:29:33.145 GMT+0330,1.10204,1.10149,900,900
25.12.2023 03:29:38.815 GMT+0330,1.10203,1.10149,900,900
25.12.2023 03:29:41.273 GMT+0330,1.10204,1.10149,900,900
25.12.2023 03:29:42.678 GMT+0330,1.10203,1.10149,900,900
25.12.2023 03:29:45.137 GMT+0330,1.10204,1.10149,900,900
25.12.2023 03:29:45.690 GMT+0330,1.10203,1.10149,900,900
25.12.2023 03:29:48.149 GMT+0330,1.10204,1.10149,900,900
25.12.2023 03:29:50.859 GMT+0330,1.10203,1.10149,900,900
25.12.2023 03:29:53.269 GMT+0330,1.10204,1.10149,900,900
25.12.2023 03:29:56.833 GMT+0330,1.10203,1.10149,900,900
25.12.2023 03:29:59.293 GMT+0330,1.10204,1.10149,900,900
25.12.2023 03:29:59.846 GMT+0330,1.10203,1.10149,900,900
25.12.2023 03:30:02.305 GMT+0330,1.10204,1.10149,900,900
25.12.2023 03:30:03.658 GMT+0330,1.10203,1.10149,900,900
25.12.2023 03:30:06.164 GMT+0330,1.10204,1.10149,900,900
25.12.2023 03:30:06.666 GMT+0330,1.10203,1.10149,900,900
25.12.2023 03:30:09.173 GMT+0330,1.10204,1.10149,900,900
25.12.2023 03:30:09.574 GMT+0330,1.10204,1.10148,900,900
25.12.2023 03:30:14.850 GMT+0330,1.10203,1.10148,900,900
25.12.2023 03:30:16.806 GMT+0330,1.10203,1.10149,900,900
25.12.2023 03:30:17.308 GMT+0330,1.10204,1.10149,900,900
25.12.2023 03:30:23.874 GMT+0330,1.10203,1.10149,900,900
25.12.2023 03:30:26.282 GMT+0330,1.10204,1.10149,900,900
25.12.2023 03:30:26.883 GMT+0330,1.10203,1.10149,900,900
25.12.2023 03:30:29.290 GMT+0330,1.10204,1.10149,900,900
25.12.2023 03:30:29.892 GMT+0330,1.10203,1.10149,900,900
25.12.2023 03:30:32.300 GMT+0330,1.10204,1.10149,900,900
25.12.2023 03:30:32.852 GMT+0330,1.10203,1.10149,900,900
25.12.2023 03:30:35.309 GMT+0330,1.10204,1.10149,900,900
25.12.2023 03:30:35.861 GMT+0330,1.10203,1.10149,900,900
25.12.2023 03:30:38.267 GMT+0330,1.10204,1.10149,900,900
25.12.2023 03:30:38.870 GMT+0330,1.10203,1.10149,900,900
25.12.2023 03:30:41.276 GMT+0330,1.10204,1.10149,900,900
25.12.2023 03:30:45.688 GMT+0330,1.10203,1.10149,900,900
25.12.2023 03:30:48.146 GMT+0330,1.10204,1.10149,900,900
25.12.2023 03:30:48.698 GMT+0330,1.10203,1.10149,900,900
25.12.2023 03:30:51.005 GMT+0330,1.10204,1.10149,900,900
25.12.2023 03:30:51.656 GMT+0330,1.10203,1.10149,900,900
25.12.2023 03:30:54.164 GMT+0330,1.10204,1.10149,900,900
25.12.2023 03:30:57.674 GMT+0330,1.10203,1.10149,900,900
25.12.2023 03:31:00.180 GMT+0330,1.10204,1.10149,900,900
25.12.2023 03:31:00.683 GMT+0330,1.10203,1.10149,900,900
25.12.2023 03:31:03.138 GMT+0330,1.10204,1.10149,900,900
25.12.2023 03:31:06.649 GMT+0330,1.10203,1.10149,900,900
25.12.2023 03:31:09.157 GMT+0330,1.10204,1.10149,900,900
25.12.2023 03:31:13.820 GMT+0330,1.10203,1.10149,900,900
25.12.2023 03:31:14.271 GMT+0330,1.10204,1.10149,900,900
25.12.2023 03:31:14.874 GMT+0330,1.10203,1.10149,900,900
25.12.2023 03:31:17.280 GMT+0330,1.10204,1.10149,900,900
25.12.2023 03:31:18.684 GMT+0330,1.10203,1.10149,900,900
25.12.2023 03:31:21.140 GMT+0330,1.10204,1.10149,900,900
25.12.2023 03:31:26.857 GMT+0330,1.10203,1.10149,900,900
25.12.2023 03:31:29.314 GMT+0330,1.10204,1.10149,900,900
25.12.2023 03:31:32.872 GMT+0330,1.10203,1.10149,900,900
25.12.2023 03:31:35.280 GMT+0330,1.10204,1.10149,900,900
25.12.2023 03:31:35.882 GMT+0330,1.10203,1.10149,900,900
25.12.2023 03:31:38.290 GMT+0330,1.10204,1.10149,900,900
25.12.2023 03:31:38.892 GMT+0330,1.10203,1.10149,900,900
25.12.2023 03:31:41.299 GMT+0330,1.10204,1.10149,900,900
25.12.2023 03:31:41.852 GMT+0330,1.10203,1.10149,900,900
25.12.2023 03:31:44.309 GMT+0330,1.10204,1.10149,900,900
25.12.2023 03:31:47.868 GMT+0330,1.10203,1.10149,900,900
25.12.2023 03:31:50.276 GMT+0330,1.10204,1.10149,900,900
25.12.2023 03:31:50.878 GMT+0330,1.10203,1.10149,900,900
25.12.2023 03:31:53.285 GMT+0330,1.10204,1.10149,900,900
25.12.2023 03:31:53.888 GMT+0330,1.10203,1.10149,900,900
25.12.2023 03:31:56.295 GMT+0330,1.10204,1.10149,900,900
25.12.2023 03:31:59.856 GMT+0330,1.10203,1.10149,900,900
25.12.2023 03:32:02.313 GMT+0330,1.10204,1.10149,900,900
25.12.2023 03:32:02.915 GMT+0330,1.10203,1.10149,900,900
25.12.2023 03:32:05.272 GMT+0330,1.10204,1.10149,900,900
25.12.2023 03:32:06.727 GMT+0330,1.10203,1.10149,900,900
25.12.2023 03:32:09.183 GMT+0330,1.10204,1.10149,900,900
25.12.2023 03:32:09.685 GMT+0330,1.10203,1.10149,900,900
25.12.2023 03:32:12.142 GMT+0330,1.10204,1.10149,900,900
25.12.2023 03:32:12.694 GMT+0330,1.10203,1.10149,900,900
25.12.2023 03:32:15.153 GMT+0330,1.10204,1.10149,900,900
25.12.2023 03:32:15.705 GMT+0330,1.10203,1.10149,900,900
25.12.2023 03:32:18.162 GMT+0330,1.10204,1.10149,900,900
25.12.2023 03:32:18.714 GMT+0330,1.10203,1.10149,900,900
25.12.2023 03:32:21.170 GMT+0330,1.10204,1.10149,900,900
25.12.2023 03:32:21.722 GMT+0330,1.10203,1.10149,900,900
25.12.2023 03:32:24.178 GMT+0330,1.10204,1.10149,900,900
25.12.2023 03:32:24.680 GMT+0330,1.10203,1.10149,900,900
25.12.2023 03:32:26.786 GMT+0330,1.10203,1.1014700000000002,900,900
25.12.2023 03:32:27.138 GMT+0330,1.10204,1.1014700000000002,900,900
25.12.2023 03:32:27.690 GMT+0330,1.10203,1.1014700000000002,900,900
25.12.2023 03:32:30.147 GMT+0330,1.10204,1.1014700000000002,900,900
25.12.2023 03:32:30.699 GMT+0330,1.10203,1.1014700000000002,900,900
25.12.2023 03:32:33.156 GMT+0330,1.10204,1.1014700000000002,900,900
25.12.2023 03:32:33.708 GMT+0330,1.10203,1.1014700000000002,900,900
25.12.2023 03:32:36.165 GMT+0330,1.10204,1.1014700000000002,900,900
25.12.2023 03:32:38.924 GMT+0330,1.10203,1.1014700000000002,900,900
25.12.2023 03:32:41.281 GMT+0330,1.10204,1.1014700000000002,900,900
25.12.2023 03:32:41.933 GMT+0330,1.10203,1.1014700000000002,900,900
25.12.2023 03:32:44.290 GMT+0330,1.10204,1.1014700000000002,900,900
25.12.2023 03:32:44.892 GMT+0330,1.10203,1.1014700000000002,900,900
25.12.2023 03:32:47.300 GMT+0330,1.10204,1.1014700000000002,900,900
25.12.2023 03:32:47.902 GMT+0330,1.10203,1.1014700000000002,900,900
25.12.2023 03:32:50.259 GMT+0330,1.10204,1.1014700000000002,900,900
25.12.2023 03:32:50.912 GMT+0330,1.10203,1.1014700000000002,900,900
25.12.2023 03:32:53.318 GMT+0330,1.10204,1.1014700000000002,900,900
25.12.2023 03:32:53.920 GMT+0330,1.10203,1.1014700000000002,900,900
25.12.2023 03:32:56.226 GMT+0330,1.10204,1.1014700000000002,900,900
25.12.2023 03:32:56.929 GMT+0330,1.10203,1.1014700000000002,900,900
25.12.2023 03:32:59.285 GMT+0330,1.10204,1.1014700000000002,900,900
25.12.2023 03:33:02.896 GMT+0330,1.10203,1.1014700000000002,900,900
25.12.2023 03:33:05.303 GMT+0330,1.10204,1.1014700000000002,900,900
25.12.2023 03:33:06.711 GMT+0330,1.10203,1.1014700000000002,900,900
25.12.2023 03:33:09.168 GMT+0330,1.10204,1.1014700000000002,900,900
25.12.2023 03:33:14.935 GMT+0330,1.10203,1.1014700000000002,900,900
25.12.2023 03:33:17.293 GMT+0330,1.10204,1.1014700000000002,900,900
25.12.2023 03:33:30.693 GMT+0330,1.10203,1.1014700000000002,900,900
25.12.2023 03:33:33.153 GMT+0330,1.10204,1.1014700000000002,900,900
25.12.2023 03:33:33.757 GMT+0330,1.10203,1.1014700000000002,900,900
25.12.2023 03:33:36.167 GMT+0330,1.10204,1.1014700000000002,900,900
25.12.2023 03:34:06.734 GMT+0330,1.10203,1.1014700000000002,900,900
25.12.2023 03:34:09.142 GMT+0330,1.10204,1.1014700000000002,900,900
25.12.2023 03:34:50.918 GMT+0330,1.10203,1.1014700000000002,900,900
25.12.2023 03:34:51.169 GMT+0330,1.10204,1.1014700000000002,900,900
25.12.2023 03:34:53.927 GMT+0330,1.10203,1.1014700000000002,900,900
25.12.2023 03:34:54.179 GMT+0330,1.10204,1.1014700000000002,900,900
25.12.2023 03:35:22.762 GMT+0330,1.10204,1.10146,900,900
25.12.2023 03:35:56.964 GMT+0330,1.10203,1.10146,900,900
25.12.2023 03:35:59.271 GMT+0330,1.10204,1.10146,900,900
25.12.2023 03:36:29.968 GMT+0330,1.10203,1.10146,900,900
25.12.2023 03:36:30.170 GMT+0330,1.10204,1.10146,900,900
25.12.2023 03:36:32.979 GMT+0330,1.10203,1.10146,900,900
25.12.2023 03:36:33.130 GMT+0330,1.10204,1.10146,900,900
25.12.2023 03:37:08.987 GMT+0330,1.10203,1.10146,900,900
25.12.2023 03:37:11.293 GMT+0330,1.10204,1.10146,900,900
25.12.2023 03:37:29.997 GMT+0330,1.10203,1.10146,900,900
25.12.2023 03:37:32.305 GMT+0330,1.10204,1.10146,900,900
25.12.2023 03:37:35.965 GMT+0330,1.10203,1.10146,900,900
25.12.2023 03:37:36.166 GMT+0330,1.10204,1.10146,900,900
25.12.2023 03:37:38.974 GMT+0330,1.10203,1.10146,900,900
25.12.2023 03:37:39.176 GMT+0330,1.10204,1.10146,900,900
25.12.2023 03:37:44.991 GMT+0330,1.10203,1.10146,900,900
25.12.2023 03:37:47.299 GMT+0330,1.10204,1.10146,900,900
25.12.2023 03:37:54.819 GMT+0330,1.10203,1.10146,900,900
25.12.2023 03:37:56.273 GMT+0330,1.10204,1.10146,900,900
25.12.2023 03:37:58.531 GMT+0330,1.10203,1.10146,900,900
25.12.2023 03:37:59.283 GMT+0330,1.10204,1.10146,900,900
25.12.2023 03:38:24.006 GMT+0330,1.10203,1.10146,900,900
25.12.2023 03:38:26.263 GMT+0330,1.10204,1.10146,900,900
25.12.2023 03:38:27.016 GMT+0330,1.10203,1.10146,900,900
25.12.2023 03:38:29.271 GMT+0330,1.10204,1.10146,900,900
25.12.2023 03:38:33.032 GMT+0330,1.10203,1.10146,900,900
25.12.2023 03:38:35.289 GMT+0330,1.10204,1.10146,900,900
25.12.2023 03:38:42.812 GMT+0330,1.10203,1.10146,900,900
25.12.2023 03:38:43.414 GMT+0330,1.10203,1.10145,900,900
25.12.2023 03:38:45.169 GMT+0330,1.10204,1.10145,900,900
25.12.2023 03:38:48.027 GMT+0330,1.10203,1.10145,900,900
25.12.2023 03:38:50.283 GMT+0330,1.10204,1.10145,900,900
25.12.2023 03:39:09.841 GMT+0330,1.10203,1.10145,900,900
25.12.2023 03:39:12.149 GMT+0330,1.10204,1.10145,900,900
25.12.2023 03:39:12.801 GMT+0330,1.10203,1.10145,900,900
25.12.2023 03:39:15.157 GMT+0330,1.10204,1.10145,900,900
25.12.2023 03:40:09.066 GMT+0330,1.10203,1.10145,900,900
25.12.2023 03:40:11.273 GMT+0330,1.10204,1.10145,900,900
25.12.2023 03:40:12.878 GMT+0330,1.10203,1.10145,900,900
25.12.2023 03:40:15.135 GMT+0330,1.10204,1.10145,900,900
25.12.2023 03:40:15.837 GMT+0330,1.10203,1.10145,900,900
25.12.2023 03:40:18.144 GMT+0330,1.10204,1.10145,900,900
25.12.2023 03:40:18.859 GMT+0330,1.10203,1.10145,900,900
25.12.2023 03:40:21.167 GMT+0330,1.10204,1.10145,900,900
25.12.2023 03:40:21.820 GMT+0330,1.10203,1.10145,900,900
25.12.2023 03:40:24.178 GMT+0330,1.10204,1.10145,900,900
25.12.2023 03:40:24.832 GMT+0330,1.10203,1.10145,900,900
25.12.2023 03:40:27.141 GMT+0330,1.10204,1.10145,900,900
25.12.2023 03:40:27.844 GMT+0330,1.10203,1.10145,900,900
25.12.2023 03:40:30.153 GMT+0330,1.10204,1.10145,900,900
25.12.2023 03:40:30.857 GMT+0330,1.10203,1.10145,900,900
25.12.2023 03:40:33.166 GMT+0330,1.10204,1.10145,900,900
25.12.2023 03:40:39.038 GMT+0330,1.10203,1.10145,900,900
25.12.2023 03:40:41.298 GMT+0330,1.10204,1.10145,900,900
25.12.2023 03:40:42.854 GMT+0330,1.10203,1.10145,900,900
25.12.2023 03:40:45.163 GMT+0330,1.10204,1.10145,900,900
25.12.2023 03:40:48.828 GMT+0330,1.10203,1.10145,900,900
25.12.2023 03:40:51.137 GMT+0330,1.10204,1.10145,900,900
25.12.2023 03:40:51.840 GMT+0330,1.10203,1.10145,900,900
25.12.2023 03:40:54.149 GMT+0330,1.10204,1.10145,900,900
25.12.2023 03:40:54.852 GMT+0330,1.10203,1.10145,900,900
25.12.2023 03:40:57.160 GMT+0330,1.10204,1.10145,900,900
25.12.2023 03:41:03.877 GMT+0330,1.10203,1.10145,900,900
25.12.2023 03:41:06.133 GMT+0330,1.10204,1.10145,900,900
25.12.2023 03:41:09.844 GMT+0330,1.10203,1.10145,900,900
25.12.2023 03:41:12.155 GMT+0330,1.10204,1.10145,900,900
25.12.2023 03:41:12.858 GMT+0330,1.10203,1.10145,900,900
25.12.2023 03:41:15.165 GMT+0330,1.10204,1.10145,900,900
25.12.2023 03:41:15.867 GMT+0330,1.10203,1.10145,900,900
25.12.2023 03:41:18.176 GMT+0330,1.10204,1.10145,900,900
25.12.2023 03:41:18.880 GMT+0330,1.10203,1.10145,900,900
25.12.2023 03:41:21.139 GMT+0330,1.10204,1.10145,900,900
25.12.2023 03:41:21.842 GMT+0330,1.10203,1.10145,900,900
25.12.2023 03:41:24.152 GMT+0330,1.10204,1.10145,900,900
25.12.2023 03:41:24.856 GMT+0330,1.10203,1.10145,900,900
25.12.2023 03:41:27.169 GMT+0330,1.10204,1.10145,900,900
25.12.2023 03:41:27.872 GMT+0330,1.10203,1.10145,900,900
25.12.2023 03:41:30.132 GMT+0330,1.10204,1.10145,900,900
25.12.2023 03:41:30.886 GMT+0330,1.10203,1.10145,900,900
25.12.2023 03:41:33.145 GMT+0330,1.10204,1.10145,900,900
25.12.2023 03:41:33.849 GMT+0330,1.10203,1.10145,900,900
25.12.2023 03:41:36.159 GMT+0330,1.10204,1.10145,900,900
25.12.2023 03:41:36.863 GMT+0330,1.10203,1.10145,900,900
25.12.2023 03:41:39.172 GMT+0330,1.10204,1.10145,900,900
25.12.2023 03:41:39.875 GMT+0330,1.10203,1.10145,900,900
25.12.2023 03:41:42.185 GMT+0330,1.10204,1.10145,900,900
25.12.2023 03:41:42.838 GMT+0330,1.10203,1.10145,900,900
25.12.2023 03:41:45.146 GMT+0330,1.10204,1.10145,900,900
25.12.2023 03:41:45.849 GMT+0330,1.10203,1.10145,900,900
25.12.2023 03:41:48.157 GMT+0330,1.10204,1.10145,900,900
25.12.2023 03:41:51.065 GMT+0330,1.10203,1.10145,900,900
25.12.2023 03:41:53.271 GMT+0330,1.10204,1.10145,900,900
25.12.2023 03:41:54.074 GMT+0330,1.10203,1.10145,900,900
25.12.2023 03:41:56.285 GMT+0330,1.10204,1.10145,900,900
25.12.2023 03:41:57.087 GMT+0330,1.10203,1.10145,900,900
25.12.2023 03:41:59.294 GMT+0330,1.10204,1.10145,900,900
25.12.2023 03:42:00.096 GMT+0330,1.10203,1.10145,900,900
25.12.2023 03:42:02.303 GMT+0330,1.10204,1.10145,900,900
25.12.2023 03:42:03.106 GMT+0330,1.10203,1.10145,900,900
25.12.2023 03:42:05.262 GMT+0330,1.10204,1.10145,900,900
25.12.2023 03:42:06.064 GMT+0330,1.10203,1.10145,900,900
25.12.2023 03:42:08.271 GMT+0330,1.10204,1.10145,900,900
25.12.2023 03:42:12.884 GMT+0330,1.10203,1.10145,900,900
25.12.2023 03:42:15.141 GMT+0330,1.10204,1.10145,900,900
25.12.2023 03:42:15.893 GMT+0330,1.10203,1.10145,900,900
25.12.2023 03:42:18.150 GMT+0330,1.10204,1.10145,900,900
25.12.2023 03:42:18.853 GMT+0330,1.10203,1.10145,900,900
25.12.2023 03:42:21.165 GMT+0330,1.10204,1.10145,900,900
25.12.2023 03:42:21.868 GMT+0330,1.10203,1.10145,900,900
25.12.2023 03:42:24.177 GMT+0330,1.10204,1.10145,900,900
25.12.2023 03:42:24.880 GMT+0330,1.10203,1.10145,900,900
25.12.2023 03:42:27.139 GMT+0330,1.10204,1.10145,900,900
25.12.2023 03:42:30.903 GMT+0330,1.10203,1.10145,900,900
25.12.2023 03:42:33.162 GMT+0330,1.10204,1.10145,900,900
25.12.2023 03:42:33.866 GMT+0330,1.10203,1.10145,900,900
25.12.2023 03:42:36.175 GMT+0330,1.10204,1.10145,900,900
25.12.2023 03:42:36.879 GMT+0330,1.10203,1.10145,900,900
25.12.2023 03:42:39.138 GMT+0330,1.10204,1.10145,900,900
25.12.2023 03:42:45.060 GMT+0330,1.10203,1.10145,900,900
25.12.2023 03:42:47.269 GMT+0330,1.10204,1.10145,900,900
25.12.2023 03:42:48.927 GMT+0330,1.10203,1.10145,900,900
25.12.2023 03:42:51.136 GMT+0330,1.10204,1.10145,900,900
25.12.2023 03:42:51.890 GMT+0330,1.10203,1.10145,900,900
25.12.2023 03:42:54.148 GMT+0330,1.10204,1.10145,900,900
25.12.2023 03:42:57.913 GMT+0330,1.10203,1.10145,900,900
25.12.2023 03:43:00.171 GMT+0330,1.10204,1.10145,900,900
25.12.2023 03:43:00.924 GMT+0330,1.10203,1.10145,900,900
25.12.2023 03:43:03.180 GMT+0330,1.10204,1.10145,900,900
25.12.2023 03:43:12.907 GMT+0330,1.10203,1.10145,900,900
25.12.2023 03:43:15.163 GMT+0330,1.10204,1.10145,900,900
25.12.2023 03:43:18.121 GMT+0330,1.10203,1.10145,900,900
25.12.2023 03:43:20.277 GMT+0330,1.10204,1.10145,900,900
25.12.2023 03:43:21.881 GMT+0330,1.10203,1.10145,900,900
25.12.2023 03:43:24.161 GMT+0330,1.10204,1.10145,900,900
25.12.2023 03:43:24.914 GMT+0330,1.10203,1.10145,900,900
25.12.2023 03:43:27.168 GMT+0330,1.10204,1.10145,900,900
25.12.2023 03:43:36.896 GMT+0330,1.10203,1.10145,900,900
25.12.2023 03:43:39.153 GMT+0330,1.10204,1.10145,900,900
25.12.2023 03:43:42.914 GMT+0330,1.10203,1.10145,900,900
25.12.2023 03:43:45.170 GMT+0330,1.10204,1.10145,900,900
25.12.2023 03:43:48.930 GMT+0330,1.10203,1.10145,900,900
25.12.2023 03:43:51.137 GMT+0330,1.10204,1.10145,900,900
25.12.2023 03:43:54.898 GMT+0330,1.10203,1.10145,900,900
25.12.2023 03:43:57.155 GMT+0330,1.10204,1.10145,900,900
25.12.2023 03:44:00.916 GMT+0330,1.10203,1.10145,900,900
25.12.2023 03:44:03.172 GMT+0330,1.10204,1.10145,900,900
25.12.2023 03:44:06.130 GMT+0330,1.10203,1.10145,900,900
25.12.2023 03:44:08.287 GMT+0330,1.10204,1.10145,900,900
25.12.2023 03:44:12.098 GMT+0330,1.10203,1.10145,900,900
25.12.2023 03:44:15.258 GMT+0330,1.102,1.10145,120,900
25.12.2023 03:45:15.259 GMT+0330,1.10204,1.10145,900,900
25.12.2023 03:50:34.643 GMT+0330,1.1020200000000002,1.10139,900,900
25.12.2023 03:50:34.695 GMT+0330,1.1019200000000002,1.10139,900,900
25.12.2023 04:03:56.478 GMT+0330,1.10174,1.10129,900,900
25.12.2023 04:04:01.494 GMT+0330,1.10174,1.10131,900,450
25.12.2023 04:04:18.744 GMT+0330,1.10174,1.10133,900,450
25.12.2023 04:04:40.907 GMT+0330,1.10174,1.10139,900,900
25.12.2023 04:05:47.113 GMT+0330,1.10178,1.10139,900,900
25.12.2023 04:09:46.470 GMT+0330,1.1017700000000001,1.10139,900,900
25.12.2023 04:10:18.067 GMT+0330,1.10156,1.1013700000000002,900,900
25.12.2023 04:10:18.370 GMT+0330,1.1015700000000002,1.10141,900,900
25.12.2023 04:10:19.023 GMT+0330,1.10155,1.1013700000000002,900,2250
25.12.2023 04:10:19.075 GMT+0330,1.10146,1.1012,900,450
25.12.2023 04:10:19.126 GMT+0330,1.10146,1.1009700000000002,900,900
25.12.2023 04:10:19.177 GMT+0330,1.10146,1.0999700000000001,900,900
25.12.2023 04:10:19.580 GMT+0330,1.10146,1.09979,900,900
25.12.2023 04:11:14.098 GMT+0330,1.10146,1.09989,900,900
25.12.2023 04:12:09.682 GMT+0330,1.10152,1.1005500000000001,900,900
25.12.2023 04:12:18.672 GMT+0330,1.10152,1.10056,900,450
25.12.2023 04:12:22.542 GMT+0330,1.10146,1.09989,900,900
25.12.2023 04:12:39.419 GMT+0330,1.10149,1.10027,900,900
25.12.2023 04:12:39.571 GMT+0330,1.10149,1.10033,900,900
25.12.2023 04:12:43.582 GMT+0330,1.10149,1.1003200000000002,900,900
25.12.2023 04:12:44.536 GMT+0330,1.10146,1.09989,900,900
25.12.2023 04:12:44.587 GMT+0330,1.10146,1.0999100000000002,900,900
25.12.2023 04:12:44.739 GMT+0330,1.10146,1.09989,900,900
25.12.2023 04:12:51.975 GMT+0330,1.10148,1.09989,900,900
25.12.2023 04:13:39.511 GMT+0330,1.10148,1.0999200000000002,900,900
25.12.2023 04:13:42.270 GMT+0330,1.1011,1.0998100000000002,900,450
25.12.2023 04:13:43.425 GMT+0330,1.1011,1.09984,900,450
25.12.2023 04:13:46.033 GMT+0330,1.1011,1.09989,900,900
25.12.2023 04:13:48.491 GMT+0330,1.1011,1.09984,900,450
25.12.2023 04:13:49.344 GMT+0330,1.1011,1.09989,900,900
25.12.2023 04:13:51.302 GMT+0330,1.1011,1.09984,900,450
25.12.2023 04:13:52.006 GMT+0330,1.1011,1.09989,900,900
25.12.2023 04:13:54.266 GMT+0330,1.1011,1.09984,900,450
25.12.2023 04:13:55.021 GMT+0330,1.1011,1.09989,900,900
25.12.2023 04:13:57.282 GMT+0330,1.1011,1.09984,900,450
25.12.2023 04:13:57.685 GMT+0330,1.1011,1.09989,900,900
25.12.2023 04:14:00.298 GMT+0330,1.1011,1.09984,900,450
25.12.2023 04:14:00.651 GMT+0330,1.1011,1.09989,900,900
25.12.2023 04:14:03.264 GMT+0330,1.1011,1.0998,900,900
25.12.2023 04:14:03.666 GMT+0330,1.1011,1.09989,900,900
25.12.2023 04:14:06.279 GMT+0330,1.1011,1.0998,900,900
25.12.2023 04:14:06.682 GMT+0330,1.1011,1.09989,900,900
25.12.2023 04:14:09.293 GMT+0330,1.1011,1.0998,900,900
25.12.2023 04:14:09.696 GMT+0330,1.1011,1.09989,900,900
25.12.2023 04:14:12.306 GMT+0330,1.1011,1.0998,900,900
25.12.2023 04:14:12.658 GMT+0330,1.1011,1.09989,900,900
25.12.2023 04:14:15.265 GMT+0330,1.1011,1.0998,900,900
25.12.2023 04:14:15.667 GMT+0330,1.1011,1.09989,900,900
25.12.2023 04:14:15.868 GMT+0330,1.1011,1.09994,900,900
25.12.2023 04:14:16.922 GMT+0330,1.10148,1.09994,900,900
25.12.2023 04:14:22.199 GMT+0330,1.10141,1.09994,900,900
25.12.2023 04:15:00.154 GMT+0330,1.10142,1.09994,900,900
25.12.2023 04:15:11.936 GMT+0330,1.10142,1.0999700000000001,900,900
25.12.2023 04:15:31.947 GMT+0330,1.10132,1.0999700000000001,900,900
25.12.2023 04:16:05.348 GMT+0330,1.10105,1.0999100000000002,900,450
25.12.2023 04:16:05.399 GMT+0330,1.10105,1.09989,900,450
25.12.2023 04:16:10.070 GMT+0330,1.10105,1.09994,900,450
25.12.2023 04:16:12.129 GMT+0330,1.10105,1.09989,900,900
25.12.2023 04:16:13.085 GMT+0330,1.10105,1.09994,900,450
25.12.2023 04:16:15.495 GMT+0330,1.10105,1.09989,900,900
25.12.2023 04:16:16.049 GMT+0330,1.10105,1.09994,900,450
25.12.2023 04:16:18.510 GMT+0330,1.10105,1.09989,900,900
25.12.2023 04:16:19.063 GMT+0330,1.10105,1.09994,900,450
25.12.2023 04:16:21.475 GMT+0330,1.10105,1.09989,900,900
25.12.2023 04:16:22.079 GMT+0330,1.10105,1.09994,900,450
25.12.2023 04:16:24.491 GMT+0330,1.10105,1.09988,900,900
25.12.2023 04:16:25.044 GMT+0330,1.10105,1.09994,900,450
25.12.2023 04:16:27.506 GMT+0330,1.10105,1.09988,900,900
25.12.2023 04:16:28.060 GMT+0330,1.10105,1.09994,900,450
25.12.2023 04:16:30.516 GMT+0330,1.10105,1.09988,900,900
25.12.2023 04:16:31.069 GMT+0330,1.10105,1.09994,900,450
25.12.2023 04:16:33.475 GMT+0330,1.10105,1.09988,900,900
25.12.2023 04:16:34.078 GMT+0330,1.10105,1.09994,900,450
25.12.2023 04:16:36.484 GMT+0330,1.10105,1.09988,900,900
25.12.2023 04:16:37.086 GMT+0330,1.10105,1.09994,900,450
25.12.2023 04:16:39.492 GMT+0330,1.10105,1.09988,900,900
25.12.2023 04:16:40.095 GMT+0330,1.10105,1.09994,900,450
25.12.2023 04:16:42.501 GMT+0330,1.10105,1.09988,900,900
25.12.2023 04:16:43.104 GMT+0330,1.10105,1.09994,900,450
25.12.2023 04:16:45.509 GMT+0330,1.10105,1.09988,900,900
25.12.2023 04:16:46.062 GMT+0330,1.10105,1.09994,900,450
25.12.2023 04:16:48.318 GMT+0330,1.10105,1.09988,900,900
25.12.2023 04:16:49.071 GMT+0330,1.10105,1.09994,900,450
25.12.2023 04:16:51.478 GMT+0330,1.10105,1.09988,900,900
25.12.2023 04:16:52.082 GMT+0330,1.10105,1.09994,900,450
25.12.2023 04:16:54.293 GMT+0330,1.10105,1.09988,900,900
25.12.2023 04:16:55.097 GMT+0330,1.10105,1.09994,900,450
25.12.2023 04:16:57.307 GMT+0330,1.10105,1.09988,900,900
25.12.2023 04:16:58.062 GMT+0330,1.10105,1.09994,900,450
25.12.2023 04:17:00.474 GMT+0330,1.10105,1.09988,900,900
25.12.2023 04:17:01.077 GMT+0330,1.10105,1.09994,900,450
25.12.2023 04:17:01.179 GMT+0330,1.10105,1.09999,900,900
25.12.2023 04:18:33.978 GMT+0330,1.1011600000000001,1.10056,900,900
25.12.2023 04:18:34.029 GMT+0330,1.1011600000000001,1.10053,900,900
25.12.2023 04:18:35.987 GMT+0330,1.1011600000000001,1.1008200000000001,900,1800
25.12.2023 04:18:39.102 GMT+0330,1.1011600000000001,1.10087,900,450
25.12.2023 04:18:40.913 GMT+0330,1.10104,1.10053,900,2700
25.12.2023 04:18:40.964 GMT+0330,1.10104,1.09989,900,900
25.12.2023 04:18:53.023 GMT+0330,1.10105,1.09989,900,900
25.12.2023 04:18:53.125 GMT+0330,1.10105,1.09994,900,450
25.12.2023 04:19:05.015 GMT+0330,1.10105,1.09999,900,900
25.12.2023 04:19:35.712 GMT+0330,1.1011,1.10039,900,900
25.12.2023 04:19:35.815 GMT+0330,1.1011,1.1003500000000002,900,900
25.12.2023 04:19:39.535 GMT+0330,1.1011,1.10038,900,900
25.12.2023 04:19:40.692 GMT+0330,1.1011,1.1004200000000002,900,450
25.12.2023 04:19:41.697 GMT+0330,1.1011,1.10041,900,450
25.12.2023 04:19:42.754 GMT+0330,1.1011,1.1004200000000002,900,450
25.12.2023 04:19:45.719 GMT+0330,1.1011,1.10043,900,450
25.12.2023 04:19:56.721 GMT+0330,1.1011,1.10044,900,450
25.12.2023 04:19:58.175 GMT+0330,1.1011,1.10051,900,900
25.12.2023 04:20:53.167 GMT+0330,1.1011,1.10054,900,900
25.12.2023 04:21:37.712 GMT+0330,1.10112,1.10061,900,900
25.12.2023 04:21:42.726 GMT+0330,1.10112,1.1006200000000002,900,450
25.12.2023 04:21:44.432 GMT+0330,1.1011,1.10049,900,900
25.12.2023 04:22:06.498 GMT+0330,1.10112,1.10059,900,1350
25.12.2023 04:22:11.513 GMT+0330,1.10112,1.1006200000000002,900,450
25.12.2023 04:22:14.923 GMT+0330,1.1011,1.10049,900,900
25.12.2023 04:22:26.558 GMT+0330,1.10093,1.10043,900,450
25.12.2023 04:22:31.572 GMT+0330,1.10093,1.10048,900,450
25.12.2023 04:22:39.195 GMT+0330,1.1009200000000001,1.1004200000000002,900,450
25.12.2023 04:22:39.297 GMT+0330,1.10093,1.1004200000000002,900,450
25.12.2023 04:22:39.649 GMT+0330,1.10093,1.10048,900,450
25.12.2023 04:22:45.665 GMT+0330,1.10094,1.10058,900,450
25.12.2023 04:22:46.469 GMT+0330,1.10094,1.10059,900,450
25.12.2023 04:22:49.075 GMT+0330,1.1009200000000001,1.10041,900,900
25.12.2023 04:22:49.178 GMT+0330,1.10093,1.10041,900,1800
25.12.2023 04:22:49.630 GMT+0330,1.10093,1.10044,900,450
25.12.2023 04:22:54.050 GMT+0330,1.10093,1.10048,900,450
25.12.2023 04:23:00.975 GMT+0330,1.10093,1.1005200000000002,900,900
25.12.2023 04:23:32.623 GMT+0330,1.10079,1.1003500000000002,900,900
25.12.2023 04:23:33.878 GMT+0330,1.10079,1.10036,900,1350
25.12.2023 04:23:35.383 GMT+0330,1.1007,1.10036,1800,1350
25.12.2023 04:23:35.935 GMT+0330,1.1007,1.1003500000000002,1800,900
25.12.2023 04:23:36.187 GMT+0330,1.10058,1.1003100000000001,900,900
25.12.2023 04:23:37.594 GMT+0330,1.10058,1.10043,900,450
25.12.2023 04:23:38.549 GMT+0330,1.10058,1.1004200000000002,900,450
25.12.2023 04:23:43.722 GMT+0330,1.10058,1.10043,900,450
25.12.2023 04:23:47.238 GMT+0330,1.10058,1.1004200000000002,900,450
25.12.2023 04:23:49.649 GMT+0330,1.10048,1.10007,900,450
25.12.2023 04:23:49.700 GMT+0330,1.10048,1.10004,900,900
25.12.2023 04:23:50.153 GMT+0330,1.10048,1.1001200000000002,900,900
25.12.2023 04:23:50.255 GMT+0330,1.1005200000000002,1.1001200000000002,900,900
25.12.2023 04:23:53.421 GMT+0330,1.10053,1.1001200000000002,900,900
25.12.2023 04:23:54.127 GMT+0330,1.1005200000000002,1.1001200000000002,900,900
25.12.2023 04:23:54.279 GMT+0330,1.10053,1.1001200000000002,900,900
25.12.2023 04:23:58.646 GMT+0330,1.10025,1.1000100000000002,900,2700
25.12.2023 04:24:01.003 GMT+0330,1.10025,1.1,900,900
25.12.2023 04:24:01.457 GMT+0330,1.10025,1.0999700000000001,900,1800
25.12.2023 04:24:01.608 GMT+0330,1.10025,1.1,900,1800
25.12.2023 04:24:03.671 GMT+0330,1.10027,1.10013,900,450
25.12.2023 04:24:03.923 GMT+0330,1.10025,1.10003,900,1350
25.12.2023 04:24:04.884 GMT+0330,1.10025,1.10008,900,450
25.12.2023 04:24:06.891 GMT+0330,1.10025,1.10004,900,450
25.12.2023 04:24:15.718 GMT+0330,1.10041,1.10009,900,900
25.12.2023 04:24:15.769 GMT+0330,1.1005200000000002,1.10009,900,900
25.12.2023 04:24:20.333 GMT+0330,1.10033,1.09999,900,1800
25.12.2023 04:24:25.347 GMT+0330,1.10033,1.10003,900,450
25.12.2023 04:24:26.052 GMT+0330,1.10034,1.10004,900,1800
25.12.2023 04:24:26.354 GMT+0330,1.10034,1.10007,900,450
25.12.2023 04:24:27.561 GMT+0330,1.1002,1.1000200000000002,900,450
25.12.2023 04:24:30.527 GMT+0330,1.1002,1.1,900,450
25.12.2023 04:24:31.080 GMT+0330,1.1002100000000001,1.10013,900,900
25.12.2023 04:24:34.190 GMT+0330,1.10018,1.1001,900,900
25.12.2023 04:24:37.200 GMT+0330,1.10016,1.1000100000000002,900,900
25.12.2023 04:24:37.252 GMT+0330,1.10016,1.10003,900,900
25.12.2023 04:24:39.211 GMT+0330,1.10008,1.1,900,900
25.12.2023 04:24:40.269 GMT+0330,1.10007,1.09995,900,450
25.12.2023 04:24:41.224 GMT+0330,1.10007,1.09993,900,450
25.12.2023 04:24:42.130 GMT+0330,1.10006,1.09985,900,450
25.12.2023 04:24:42.282 GMT+0330,1.1000200000000002,1.09974,900,450
25.12.2023 04:24:42.735 GMT+0330,1.1000200000000002,1.09975,900,450
25.12.2023 04:24:42.838 GMT+0330,1.09995,1.09978,900,450
25.12.2023 04:24:43.843 GMT+0330,1.09995,1.0997700000000001,900,450
25.12.2023 04:24:45.201 GMT+0330,1.09994,1.09972,900,450
25.12.2023 04:24:46.207 GMT+0330,1.09994,1.0997100000000002,900,450
25.12.2023 04:24:49.723 GMT+0330,1.09994,1.09972,900,450
25.12.2023 04:24:51.232 GMT+0330,1.09994,1.09975,900,450
25.12.2023 04:24:51.384 GMT+0330,1.09995,1.09979,900,450
25.12.2023 04:24:51.686 GMT+0330,1.09995,1.09978,900,450
25.12.2023 04:24:51.838 GMT+0330,1.10006,1.0999,450,900
25.12.2023 04:24:53.397 GMT+0330,1.1000100000000002,1.09984,900,900
25.12.2023 04:24:57.211 GMT+0330,1.0999,1.09982,900,900
25.12.2023 04:24:57.313 GMT+0330,1.0999200000000002,1.09984,900,900
25.12.2023 04:25:00.029 GMT+0330,1.0995700000000002,1.09934,450,900
25.12.2023 04:25:00.131 GMT+0330,1.0995700000000002,1.09933,450,900
25.12.2023 04:25:00.183 GMT+0330,1.09959,1.09933,450,900
25.12.2023 04:25:01.143 GMT+0330,1.0996000000000001,1.09933,900,900
25.12.2023 04:25:01.195 GMT+0330,1.09956,1.09933,900,900
25.12.2023 04:25:01.497 GMT+0330,1.09953,1.09935,900,900
25.12.2023 04:25:01.750 GMT+0330,1.09954,1.09935,900,900
25.12.2023 04:25:01.851 GMT+0330,1.0994700000000002,1.09934,900,900
25.12.2023 04:25:01.903 GMT+0330,1.09952,1.09935,2250,900
25.12.2023 04:25:02.005 GMT+0330,1.09953,1.09935,900,900
25.12.2023 04:25:02.207 GMT+0330,1.09954,1.09935,900,900
25.12.2023 04:25:04.418 GMT+0330,1.09955,1.09935,900,900
25.12.2023 04:25:05.824 GMT+0330,1.09954,1.09935,900,900
25.12.2023 04:25:06.829 GMT+0330,1.09955,1.09935,900,900
25.12.2023 04:25:09.842 GMT+0330,1.09954,1.09935,900,900
25.12.2023 04:25:15.217 GMT+0330,1.09946,1.09934,900,900
25.12.2023 04:25:15.369 GMT+0330,1.09959,1.0993600000000001,900,900
25.12.2023 04:25:23.459 GMT+0330,1.09959,1.09943,450,900
25.12.2023 04:25:23.762 GMT+0330,1.09958,1.09943,450,900
25.12.2023 04:25:26.727 GMT+0330,1.0995700000000002,1.09943,450,900
25.12.2023 04:25:27.180 GMT+0330,1.09958,1.0993600000000001,900,900
25.12.2023 04:25:31.798 GMT+0330,1.09954,1.0993600000000001,900,900
25.12.2023 04:25:33.203 GMT+0330,1.0995700000000002,1.09943,450,900
25.12.2023 04:25:36.313 GMT+0330,1.09958,1.09943,450,900
25.12.2023 04:25:36.514 GMT+0330,1.09956,1.09943,450,900
25.12.2023 04:25:39.529 GMT+0330,1.0999200000000002,1.09953,450,900
25.12.2023 04:25:39.580 GMT+0330,1.10004,1.09953,900,900
25.12.2023 04:25:48.671 GMT+0330,1.10008,1.0996299999999999,1350,900
25.12.2023 04:26:00.173 GMT+0330,1.10006,1.0996299999999999,900,900
25.12.2023 04:26:04.239 GMT+0330,1.10004,1.0996299999999999,1350,900
25.12.2023 04:26:06.266 GMT+0330,1.10006,1.0996299999999999,900,900
25.12.2023 04:26:07.219 GMT+0330,1.10004,1.0996299999999999,1350,900
25.12.2023 04:26:09.475 GMT+0330,1.10006,1.0996299999999999,900,900
25.12.2023 04:26:10.228 GMT+0330,1.10004,1.0996299999999999,1350,900
25.12.2023 04:26:11.232 GMT+0330,1.10005,1.0996299999999999,450,900
25.12.2023 04:26:12.486 GMT+0330,1.10006,1.0996299999999999,900,900
25.12.2023 04:26:13.240 GMT+0330,1.10004,1.0996299999999999,900,900
25.12.2023 04:26:15.399 GMT+0330,1.10006,1.0996299999999999,900,900
25.12.2023 04:26:21.881 GMT+0330,1.1000100000000002,1.0996299999999999,900,900
25.12.2023 04:26:29.906 GMT+0330,1.10044,1.09968,900,900
25.12.2023 04:27:29.387 GMT+0330,1.10047,1.10008,900,900
25.12.2023 04:27:34.802 GMT+0330,1.10047,1.10007,900,900
25.12.2023 04:27:41.422 GMT+0330,1.10048,1.10007,900,900
25.12.2023 04:27:42.826 GMT+0330,1.10048,1.10005,900,900
25.12.2023 04:27:45.635 GMT+0330,1.10048,1.10003,900,900
25.12.2023 04:27:50.048 GMT+0330,1.10048,1.09999,900,900
25.12.2023 04:27:52.455 GMT+0330,1.10051,1.10009,900,900
25.12.2023 04:28:14.020 GMT+0330,1.10047,1.10004,900,450
25.12.2023 04:28:14.823 GMT+0330,1.10047,1.09998,900,900
25.12.2023 04:28:29.583 GMT+0330,1.10046,1.09998,900,900
25.12.2023 04:28:30.238 GMT+0330,1.10048,1.09998,1800,900
25.12.2023 04:29:09.822 GMT+0330,1.10048,1.0999700000000001,900,900
25.12.2023 04:29:50.044 GMT+0330,1.10047,1.0999700000000001,900,900
25.12.2023 04:30:00.676 GMT+0330,1.10047,1.09994,900,1350
25.12.2023 04:30:09.001 GMT+0330,1.10048,1.09994,900,1350
25.12.2023 04:30:12.812 GMT+0330,1.10047,1.09994,900,900
25.12.2023 04:30:13.013 GMT+0330,1.10048,1.09994,900,900
25.12.2023 04:30:17.777 GMT+0330,1.10047,1.09994,900,900
25.12.2023 04:30:23.295 GMT+0330,1.1007500000000001,1.0999700000000001,900,900
25.12.2023 04:30:24.299 GMT+0330,1.1007500000000001,1.09996,900,900
25.12.2023 04:30:47.785 GMT+0330,1.1007600000000002,1.09996,900,900
25.12.2023 04:30:50.699 GMT+0330,1.1008600000000002,1.09995,900,900
25.12.2023 04:30:51.856 GMT+0330,1.1009600000000002,1.09995,900,900
25.12.2023 04:30:52.561 GMT+0330,1.1010600000000001,1.09994,900,900
25.12.2023 04:30:52.612 GMT+0330,1.10185,1.0999700000000001,900,450
25.12.2023 04:30:53.518 GMT+0330,1.10185,1.0999,900,900
25.12.2023 04:30:57.790 GMT+0330,1.1018700000000001,1.0999,900,900
25.12.2023 04:31:07.118 GMT+0330,1.1019,1.0999,900,900
25.12.2023 04:31:12.783 GMT+0330,1.1019100000000002,1.09995,900,900
25.12.2023 04:32:22.787 GMT+0330,1.1019100000000002,1.09989,900,900
25.12.2023 04:32:29.820 GMT+0330,1.1018700000000001,1.09983,900,900
25.12.2023 04:33:34.991 GMT+0330,1.1018700000000001,1.09984,900,900
25.12.2023 04:34:07.790 GMT+0330,1.10185,1.09984,900,900
25.12.2023 04:35:22.814 GMT+0330,1.10182,1.09984,900,900
25.12.2023 04:35:46.182 GMT+0330,1.10182,1.09985,900,900
25.12.2023 04:36:47.767 GMT+0330,1.1018000000000001,1.09985,900,900
25.12.2023 04:38:07.810 GMT+0330,1.1017700000000001,1.09985,900,900
25.12.2023 04:38:07.911 GMT+0330,1.1019100000000002,1.09995,900,900
25.12.2023 04:39:08.401 GMT+0330,1.1018700000000001,1.09995,1800,900
25.12.2023 04:39:08.703 GMT+0330,1.1019100000000002,1.09995,900,900
25.12.2023 04:39:08.855 GMT+0330,1.1018700000000001,1.09995,1800,900
25.12.2023 04:40:10.044 GMT+0330,1.10172,1.09996,900,900
25.12.2023 04:40:10.146 GMT+0330,1.10168,1.09996,1800,900
25.12.2023 04:40:44.589 GMT+0330,1.10169,1.09996,900,900
25.12.2023 04:40:47.851 GMT+0330,1.10168,1.09996,1800,900
25.12.2023 04:41:25.765 GMT+0330,1.10166,1.09996,900,900
25.12.2023 04:42:49.277 GMT+0330,1.1006200000000002,1.09999,900,900
25.12.2023 04:43:00.484 GMT+0330,1.10168,1.0999700000000001,900,1350
25.12.2023 04:43:00.535 GMT+0330,1.1017100000000002,1.0999700000000001,1800,1350
25.12.2023 04:43:00.586 GMT+0330,1.10168,1.09996,1800,900
25.12.2023 04:43:17.814 GMT+0330,1.1016700000000001,1.0999,900,900
25.12.2023 04:43:22.777 GMT+0330,1.10168,1.09996,1800,900
25.12.2023 04:44:50.480 GMT+0330,1.10166,1.09996,900,900
25.12.2023 04:45:02.085 GMT+0330,1.10166,1.1002200000000002,900,1800
25.12.2023 04:45:10.008 GMT+0330,1.10166,1.1002100000000001,900,1800
25.12.2023 04:45:52.877 GMT+0330,1.10166,1.1002200000000002,900,1800
25.12.2023 04:46:11.235 GMT+0330,1.10166,1.0999,900,900
25.12.2023 04:48:47.793 GMT+0330,1.10165,1.09988,900,900
25.12.2023 04:48:48.747 GMT+0330,1.1010900000000001,1.09994,900,1800
25.12.2023 04:48:51.027 GMT+0330,1.1010900000000001,1.09993,900,900
25.12.2023 04:48:52.783 GMT+0330,1.10111,1.09993,900,900
25.12.2023 04:48:56.043 GMT+0330,1.10111,1.09994,900,1800
25.12.2023 04:48:57.247 GMT+0330,1.10091,1.09994,900,1800
25.12.2023 04:48:57.399 GMT+0330,1.10091,1.09993,900,1800
25.12.2023 04:49:12.815 GMT+0330,1.1009200000000001,1.09998,900,900
25.12.2023 04:50:13.790 GMT+0330,1.1009200000000001,1.09999,900,900
25.12.2023 04:50:15.898 GMT+0330,1.1017100000000002,1.09999,900,900
25.12.2023 04:50:15.949 GMT+0330,1.10169,1.09999,900,900
25.12.2023 04:50:16.051 GMT+0330,1.1016299999999999,1.09999,1800,900
25.12.2023 04:50:21.678 GMT+0330,1.1016299999999999,1.09999,1800,900
25.12.2023 04:51:10.900 GMT+0330,1.1016299999999999,1.0999700000000001,2700,3599.9999
25.12.2023 04:51:31.861 GMT+0330,1.1016299999999999,1.1002,2700,1890
25.12.2023 04:52:05.913 GMT+0330,1.1016100000000002,1.1002,900,1890
25.12.2023 04:52:32.099 GMT+0330,1.1016100000000002,1.09999,900,900
25.12.2023 04:53:57.686 GMT+0330,1.10159,1.09999,900,900
25.12.2023 04:53:59.140 GMT+0330,1.10159,1.1002,900,1890
25.12.2023 04:54:38.024 GMT+0330,1.1016100000000002,1.1002,900,1890
25.12.2023 04:54:42.788 GMT+0330,1.10159,1.1002,900,1890
25.12.2023 04:55:21.110 GMT+0330,1.1015700000000002,1.1002,900,1890
25.12.2023 04:56:22.775 GMT+0330,1.10155,1.1002,900,1890
25.12.2023 04:56:33.212 GMT+0330,1.1015700000000002,1.1002,900,1890
25.12.2023 04:57:32.790 GMT+0330,1.10155,1.09999,900,900
25.12.2023 04:58:50.420 GMT+0330,1.10145,1.1002,900,90
25.12.2023 04:59:42.086 GMT+0330,1.1014700000000002,1.1002,900,90
25.12.2023 04:59:56.211 GMT+0330,1.1014700000000002,1.09994,900,900
25.12.2023 05:00:07.195 GMT+0330,1.1014700000000002,1.1002,900,90
25.12.2023 05:00:07.397 GMT+0330,1.1014700000000002,1.09994,900,900
25.12.2023 05:00:20.933 GMT+0330,1.1014700000000002,1.09999,900,900
25.12.2023 05:02:04.134 GMT+0330,1.10098,1.09982,900,900
25.12.2023 05:02:04.286 GMT+0330,1.10098,1.09994,900,1800
25.12.2023 05:02:11.104 GMT+0330,1.10099,1.09994,900,1800
25.12.2023 05:02:32.771 GMT+0330,1.10101,1.09994,900,1800
25.12.2023 05:02:37.791 GMT+0330,1.10099,1.09994,900,1800
25.12.2023 05:02:46.927 GMT+0330,1.10089,1.09994,900,2700
25.12.2023 05:03:04.160 GMT+0330,1.10089,1.09996,900,1350
25.12.2023 05:03:46.933 GMT+0330,1.1009,1.09996,900,1800
25.12.2023 05:03:47.035 GMT+0330,1.1009,1.09998,900,900
25.12.2023 05:04:36.929 GMT+0330,1.1009,1.09999,900,900
25.12.2023 05:05:36.221 GMT+0330,1.10091,1.09999,900,1800
25.12.2023 05:05:36.622 GMT+0330,1.1009,1.09999,900,1800
25.12.2023 05:06:15.234 GMT+0330,1.1009,1.1000100000000002,900,900
25.12.2023 05:06:17.792 GMT+0330,1.1009,1.09999,900,1800
25.12.2023 05:06:56.214 GMT+0330,1.10091,1.09999,900,1800
25.12.2023 05:07:02.442 GMT+0330,1.10091,1.10004,900,900
25.12.2023 05:07:02.543 GMT+0330,1.1009,1.10004,900,900
25.12.2023 05:07:02.845 GMT+0330,1.1009,1.10006,900,900
25.12.2023 05:08:37.794 GMT+0330,1.1009,1.10004,900,1800
25.12.2023 05:09:10.840 GMT+0330,1.10091,1.10004,900,1800
25.12.2023 05:09:12.846 GMT+0330,1.1009,1.10004,900,1800
25.12.2023 05:09:25.883 GMT+0330,1.1009,1.10006,900,900
25.12.2023 05:09:26.937 GMT+0330,1.10103,1.10006,900,900
25.12.2023 05:09:27.340 GMT+0330,1.10103,1.10004,900,1800
25.12.2023 05:10:15.076 GMT+0330,1.10102,1.10004,900,1800
25.12.2023 05:10:36.089 GMT+0330,1.10101,1.10004,900,1800
25.12.2023 05:10:37.143 GMT+0330,1.101,1.10004,900,1800
25.12.2023 05:11:23.479 GMT+0330,1.10101,1.10004,900,1800
25.12.2023 05:11:23.631 GMT+0330,1.101,1.10004,900,1800
25.12.2023 05:12:04.515 GMT+0330,1.10101,1.10004,900,1800
25.12.2023 05:12:04.616 GMT+0330,1.101,1.10004,900,1800
25.12.2023 05:12:10.683 GMT+0330,1.101,1.10015,900,1890
25.12.2023 05:13:10.733 GMT+0330,1.101,1.10004,900,1800
25.12.2023 05:13:58.275 GMT+0330,1.10101,1.10004,900,1800
25.12.2023 05:13:58.627 GMT+0330,1.101,1.10004,900,1800
25.12.2023 05:15:11.251 GMT+0330,1.10101,1.10004,900,1800
25.12.2023 05:15:38.886 GMT+0330,1.101,1.10004,1800,1800
25.12.2023 05:15:54.529 GMT+0330,1.10101,1.10004,1800,1800
25.12.2023 05:15:59.544 GMT+0330,1.101,1.10004,1800,1800
25.12.2023 05:16:42.636 GMT+0330,1.10101,1.10004,1800,1800
25.12.2023 05:16:45.144 GMT+0330,1.101,1.10004,1800,900
25.12.2023 05:17:11.218 GMT+0330,1.10101,1.10004,900,900
25.12.2023 05:20:07.730 GMT+0330,1.101,1.10004,1800,900
25.12.2023 05:21:00.062 GMT+0330,1.10101,1.10004,1800,900
25.12.2023 05:24:19.835 GMT+0330,1.101,1.10004,1800,900
25.12.2023 05:25:26.204 GMT+0330,1.10101,1.10004,900,900
25.12.2023 05:27:30.062 GMT+0330,1.10101,1.10015,900,1890
25.12.2023 05:28:03.561 GMT+0330,1.10102,1.1003500000000002,900,120
25.12.2023 05:28:18.154 GMT+0330,1.10101,1.1002,900,900
25.12.2023 05:28:18.205 GMT+0330,1.10101,1.10015,900,1890
25.12.2023 05:28:29.188 GMT+0330,1.10102,1.1003500000000002,900,120
25.12.2023 05:28:44.280 GMT+0330,1.10101,1.10015,900,1890
25.12.2023 05:28:56.267 GMT+0330,1.10102,1.1003500000000002,900,120
25.12.2023 05:29:11.462 GMT+0330,1.10101,1.1002,900,900
25.12.2023 05:29:11.513 GMT+0330,1.10101,1.10015,900,1890
25.12.2023 05:29:22.566 GMT+0330,1.10102,1.1003500000000002,900,120
25.12.2023 05:29:37.460 GMT+0330,1.10101,1.1002200000000002,900,2250
25.12.2023 05:29:37.512 GMT+0330,1.10101,1.10015,900,1890
25.12.2023 05:29:48.573 GMT+0330,1.10101,1.1003500000000002,900,120
25.12.2023 05:30:03.167 GMT+0330,1.10093,1.1003500000000002,900,120
25.12.2023 05:30:07.379 GMT+0330,1.1009200000000001,1.10015,900,1890
25.12.2023 05:30:07.482 GMT+0330,1.1009600000000002,1.10057,900,120
25.12.2023 05:30:08.087 GMT+0330,1.1009600000000002,1.10041,900,900
25.12.2023 05:30:10.097 GMT+0330,1.1009200000000001,1.10004,900,900
25.12.2023 05:30:10.349 GMT+0330,1.1009,1.10004,900,900
25.12.2023 05:30:14.367 GMT+0330,1.1009200000000001,1.10018,900,1800
25.12.2023 05:30:14.870 GMT+0330,1.10093,1.10018,900,1800
25.12.2023 05:30:33.172 GMT+0330,1.1009200000000001,1.10004,900,900
25.12.2023 05:30:33.223 GMT+0330,1.10093,1.1001400000000001,900,900
25.12.2023 05:30:33.575 GMT+0330,1.1009200000000001,1.10004,900,900
25.12.2023 05:30:33.627 GMT+0330,1.10093,1.10018,900,1800
25.12.2023 05:30:33.878 GMT+0330,1.1009200000000001,1.10004,900,900
25.12.2023 05:30:33.981 GMT+0330,1.1009600000000002,1.1003,900,900
25.12.2023 05:30:37.096 GMT+0330,1.10098,1.10015,900,450
25.12.2023 05:30:37.248 GMT+0330,1.10098,1.10004,900,900
25.12.2023 05:30:37.349 GMT+0330,1.10095,1.10004,900,900
25.12.2023 05:30:37.451 GMT+0330,1.10047,1.10027,900,450
25.12.2023 05:30:37.804 GMT+0330,1.10048,1.0999700000000001,900,450
25.12.2023 05:30:37.856 GMT+0330,1.1005,1.09998,900,900
25.12.2023 05:30:52.814 GMT+0330,1.10051,1.1,900,900
25.12.2023 05:30:57.477 GMT+0330,1.10049,1.10025,900,900
25.12.2023 05:30:57.880 GMT+0330,1.10048,1.10028,900,900
25.12.2023 05:31:04.070 GMT+0330,1.1005200000000002,1.10003,900,900
25.12.2023 05:31:23.680 GMT+0330,1.10048,1.10028,900,900
25.12.2023 05:31:28.194 GMT+0330,1.1005200000000002,1.10004,900,900
25.12.2023 05:31:30.101 GMT+0330,1.10051,1.1001400000000001,900,900
25.12.2023 05:31:46.049 GMT+0330,1.1005200000000002,1.1001,900,1350
25.12.2023 05:31:46.100 GMT+0330,1.1005200000000002,1.10006,900,450
25.12.2023 05:31:46.602 GMT+0330,1.1005200000000002,1.10004,900,900
25.12.2023 05:31:57.096 GMT+0330,1.10051,1.1001400000000001,900,900
25.12.2023 05:31:57.850 GMT+0330,1.10103,1.1001200000000002,900,900
25.12.2023 05:32:11.188 GMT+0330,1.10103,1.10009,900,900
25.12.2023 05:32:11.240 GMT+0330,1.10102,1.10023,900,900
25.12.2023 05:32:11.493 GMT+0330,1.10103,1.10009,900,900
25.12.2023 05:32:52.843 GMT+0330,1.10101,1.10005,900,900
25.12.2023 05:33:00.065 GMT+0330,1.10101,1.10004,900,1800
25.12.2023 05:33:00.116 GMT+0330,1.10087,1.10004,900,1800
25.12.2023 05:35:03.760 GMT+0330,1.10087,1.10026,900,900
25.12.2023 05:35:11.983 GMT+0330,1.10087,1.10004,900,900
25.12.2023 05:43:57.217 GMT+0330,1.10088,1.1001400000000001,900,1800
25.12.2023 05:43:59.674 GMT+0330,1.10087,1.1001400000000001,900,1800
25.12.2023 05:43:59.726 GMT+0330,1.10087,1.10004,900,900
25.12.2023 05:51:53.365 GMT+0330,1.1008600000000002,1.10004,900,900
25.12.2023 05:51:53.517 GMT+0330,1.1008600000000002,1.09996,900,900
25.12.2023 05:52:10.818 GMT+0330,1.101,1.09996,900,900
25.12.2023 05:54:12.167 GMT+0330,1.1013,1.09994,900,900
25.12.2023 05:54:12.719 GMT+0330,1.1013,1.10004,900,900
25.12.2023 05:54:22.898 GMT+0330,1.1013,1.10003,900,900
25.12.2023 05:55:12.722 GMT+0330,1.1013,1.1000200000000002,900,900
25.12.2023 05:55:34.903 GMT+0330,1.1013,1.1000100000000002,900,900
25.12.2023 05:56:01.882 GMT+0330,1.1013,1.1,900,900
25.12.2023 05:56:16.877 GMT+0330,1.1013,1.09999,900,900
25.12.2023 05:56:51.391 GMT+0330,1.1013,1.09998,900,900
25.12.2023 05:57:07.586 GMT+0330,1.1012,1.09994,900,900
25.12.2023 05:57:08.190 GMT+0330,1.1012,1.09993,900,1800
25.12.2023 05:57:10.451 GMT+0330,1.101,1.0999100000000002,900,450
25.12.2023 05:57:50.942 GMT+0330,1.101,1.09993,900,450
25.12.2023 05:58:58.031 GMT+0330,1.101,1.0999,900,1800
25.12.2023 05:59:03.849 GMT+0330,1.101,1.09994,900,450
25.12.2023 05:59:04.852 GMT+0330,1.101,1.09993,900,450
25.12.2023 06:00:05.014 GMT+0330,1.101,1.0999200000000002,900,900
25.12.2023 06:00:05.816 GMT+0330,1.101,1.09993,900,900
25.12.2023 06:01:06.088 GMT+0330,1.101,1.09994,900,900
25.12.2023 06:02:02.765 GMT+0330,1.101,1.1001100000000001,900,900
25.12.2023 06:02:07.780 GMT+0330,1.101,1.1001200000000002,900,450
25.12.2023 06:02:09.536 GMT+0330,1.101,1.10023,900,450
25.12.2023 06:02:27.791 GMT+0330,1.10101,1.10024,900,900
25.12.2023 06:02:29.145 GMT+0330,1.10101,1.09998,900,900
25.12.2023 06:02:29.347 GMT+0330,1.101,1.09998,900,900
25.12.2023 06:02:29.499 GMT+0330,1.101,1.09996,900,900
25.12.2023 06:02:34.312 GMT+0330,1.101,1.0999700000000001,900,900
25.12.2023 06:02:46.247 GMT+0330,1.10101,1.0999700000000001,900,900
25.12.2023 06:07:28.122 GMT+0330,1.101,1.0999700000000001,900,900
25.12.2023 06:08:35.709 GMT+0330,1.10101,1.0999700000000001,900,900
25.12.2023 06:09:37.827 GMT+0330,1.101,1.0999700000000001,900,900
25.12.2023 06:16:47.799 GMT+0330,1.10098,1.0999700000000001,900,900
25.12.2023 06:21:53.533 GMT+0330,1.10098,1.09999,900,900
25.12.2023 06:27:57.788 GMT+0330,1.1009600000000002,1.09999,900,900
25.12.2023 06:28:22.262 GMT+0330,1.10098,1.09999,900,900
25.12.2023 06:29:47.823 GMT+0330,1.1009600000000002,1.09999,900,900
25.12.2023 06:29:59.607 GMT+0330,1.10098,1.09999,900,900
25.12.2023 06:30:37.816 GMT+0330,1.1009600000000002,1.09999,900,900
25.12.2023 06:33:14.938 GMT+0330,1.10098,1.09999,900,900
25.12.2023 06:33:47.090 GMT+0330,1.1009600000000002,1.09999,900,900
25.12.2023 06:39:17.785 GMT+0330,1.10098,1.09999,900,900
25.12.2023 06:40:07.784 GMT+0330,1.1009600000000002,1.09999,900,900
25.12.2023 06:43:05.840 GMT+0330,1.1007799999999999,1.0999700000000001,900,450
25.12.2023 06:44:04.930 GMT+0330,1.1007799999999999,1.09999,900,900
25.12.2023 06:44:06.737 GMT+0330,1.10083,1.09999,900,900
25.12.2023 06:44:06.788 GMT+0330,1.10098,1.09999,900,900
25.12.2023 06:45:55.379 GMT+0330,1.10102,1.09999,900,900
25.12.2023 06:45:55.480 GMT+0330,1.10101,1.09999,900,900
25.12.2023 06:45:56.232 GMT+0330,1.10102,1.09999,900,900
25.12.2023 06:48:11.202 GMT+0330,1.10101,1.1000200000000002,900,1350
25.12.2023 06:48:11.504 GMT+0330,1.10102,1.1000200000000002,900,1350
25.12.2023 06:48:13.460 GMT+0330,1.10102,1.09999,900,900
25.12.2023 06:48:18.874 GMT+0330,1.10101,1.09999,900,900
25.12.2023 06:48:21.483 GMT+0330,1.10102,1.09999,900,900
25.12.2023 06:48:21.885 GMT+0330,1.10101,1.09999,900,900
25.12.2023 06:48:24.492 GMT+0330,1.10102,1.09999,900,900
25.12.2023 06:48:25.345 GMT+0330,1.10101,1.09999,900,900
25.12.2023 06:48:27.501 GMT+0330,1.10102,1.09999,900,900
25.12.2023 06:48:28.304 GMT+0330,1.10101,1.09999,900,900
25.12.2023 06:48:30.511 GMT+0330,1.10102,1.09999,900,900
25.12.2023 06:48:31.314 GMT+0330,1.10101,1.09999,900,900
25.12.2023 06:48:33.469 GMT+0330,1.10102,1.09999,900,900
25.12.2023 06:48:34.322 GMT+0330,1.10101,1.09999,900,900
25.12.2023 06:48:36.477 GMT+0330,1.10102,1.09999,900,900
25.12.2023 06:48:37.330 GMT+0330,1.10101,1.09999,900,900
25.12.2023 06:48:39.487 GMT+0330,1.10102,1.09999,900,900
25.12.2023 06:48:40.340 GMT+0330,1.10101,1.09999,900,900
25.12.2023 06:48:42.546 GMT+0330,1.10102,1.09999,900,900
25.12.2023 06:48:43.349 GMT+0330,1.10101,1.09999,900,900
25.12.2023 06:48:45.480 GMT+0330,1.10102,1.09999,900,900
25.12.2023 06:48:45.883 GMT+0330,1.10101,1.09999,900,900
25.12.2023 06:48:48.489 GMT+0330,1.10102,1.09999,900,900
25.12.2023 06:48:48.891 GMT+0330,1.10101,1.09999,900,900
25.12.2023 06:48:51.145 GMT+0330,1.10102,1.09999,900,900
25.12.2023 06:48:52.650 GMT+0330,1.10101,1.09999,900,900
25.12.2023 06:48:54.505 GMT+0330,1.10102,1.09999,900,900
25.12.2023 06:48:55.308 GMT+0330,1.10101,1.09999,900,900
25.12.2023 06:48:57.513 GMT+0330,1.10102,1.09999,900,900
25.12.2023 06:48:57.865 GMT+0330,1.10101,1.09999,900,900
25.12.2023 06:49:00.472 GMT+0330,1.10102,1.09999,900,900
25.12.2023 06:49:01.325 GMT+0330,1.10101,1.09999,900,900
25.12.2023 06:49:03.482 GMT+0330,1.10102,1.09999,900,900
25.12.2023 06:49:03.884 GMT+0330,1.10101,1.09999,900,900
25.12.2023 06:49:05.487 GMT+0330,1.10102,1.09999,900,900
25.12.2023 06:49:07.342 GMT+0330,1.10101,1.09999,900,900
25.12.2023 06:49:09.499 GMT+0330,1.10102,1.09999,900,900
25.12.2023 06:49:10.351 GMT+0330,1.10101,1.09999,900,900
25.12.2023 06:49:12.509 GMT+0330,1.10102,1.09999,900,900
25.12.2023 06:49:13.362 GMT+0330,1.10101,1.09999,900,900
25.12.2023 06:49:15.516 GMT+0330,1.10102,1.09999,900,900
25.12.2023 06:49:15.868 GMT+0330,1.10101,1.09999,900,900
25.12.2023 06:49:18.124 GMT+0330,1.10102,1.09999,900,900
25.12.2023 06:49:18.876 GMT+0330,1.10101,1.09999,900,900
25.12.2023 06:49:20.482 GMT+0330,1.10102,1.09999,900,900
25.12.2023 06:49:25.346 GMT+0330,1.10101,1.09999,900,900
25.12.2023 06:49:27.503 GMT+0330,1.10102,1.09999,900,900
25.12.2023 06:49:28.355 GMT+0330,1.10101,1.09999,900,900
25.12.2023 06:49:30.512 GMT+0330,1.10102,1.09999,900,900
25.12.2023 06:49:31.364 GMT+0330,1.10101,1.09999,900,900
25.12.2023 06:49:33.470 GMT+0330,1.10102,1.09999,900,900
25.12.2023 06:49:34.323 GMT+0330,1.10101,1.09999,900,900
25.12.2023 06:49:35.476 GMT+0330,1.10102,1.09999,900,900
25.12.2023 06:49:37.333 GMT+0330,1.10101,1.09999,900,900
25.12.2023 06:49:39.489 GMT+0330,1.10102,1.09999,900,900
25.12.2023 06:49:40.342 GMT+0330,1.10101,1.09999,900,900
25.12.2023 06:49:41.244 GMT+0330,1.10102,1.09999,900,900
25.12.2023 06:50:31.741 GMT+0330,1.10101,1.09999,900,900
25.12.2023 06:51:26.748 GMT+0330,1.10102,1.09999,900,900
25.12.2023 06:53:37.470 GMT+0330,1.10083,1.0999700000000001,1800,2700
25.12.2023 06:53:47.096 GMT+0330,1.1009600000000002,1.09999,1800,900
25.12.2023 06:53:47.148 GMT+0330,1.10102,1.09999,900,900
25.12.2023 06:56:47.029 GMT+0330,1.10083,1.0999700000000001,2700,2700
25.12.2023 06:56:50.240 GMT+0330,1.10102,1.09999,900,900
25.12.2023 06:58:17.112 GMT+0330,1.10102,1.10028,900,900
25.12.2023 06:58:24.736 GMT+0330,1.10103,1.10038,900,900
25.12.2023 06:58:34.466 GMT+0330,1.10102,1.1001,900,900
25.12.2023 07:00:13.753 GMT+0330,1.1009200000000001,1.10009,900,900
25.12.2023 07:00:13.855 GMT+0330,1.10083,1.10009,1800,900
25.12.2023 07:00:21.688 GMT+0330,1.10084,1.10009,900,900
25.12.2023 07:00:26.710 GMT+0330,1.10102,1.1001,900,900
25.12.2023 07:00:29.876 GMT+0330,1.1008600000000002,1.10008,900,900
25.12.2023 07:00:30.028 GMT+0330,1.10073,1.10008,900,900
25.12.2023 07:00:56.329 GMT+0330,1.10083,1.10008,450,900
25.12.2023 07:00:58.487 GMT+0330,1.10103,1.1001,900,900
25.12.2023 07:05:33.481 GMT+0330,1.10104,1.1001,900,900
25.12.2023 07:09:13.502 GMT+0330,1.10103,1.1001,900,900
25.12.2023 07:10:08.516 GMT+0330,1.10104,1.1001,900,900
25.12.2023 07:13:03.243 GMT+0330,1.1014000000000002,1.10049,900,900
25.12.2023 07:13:03.346 GMT+0330,1.1015000000000001,1.1007600000000002,900,1800
25.12.2023 07:13:04.049 GMT+0330,1.1015000000000001,1.10074,900,1800
25.12.2023 07:13:08.269 GMT+0330,1.10139,1.10083,450,450
25.12.2023 07:13:08.722 GMT+0330,1.10143,1.1007799999999999,450,450
25.12.2023 07:13:09.727 GMT+0330,1.10143,1.10079,450,450
25.12.2023 07:13:10.732 GMT+0330,1.10142,1.1008,450,450
25.12.2023 07:13:11.285 GMT+0330,1.10142,1.10105,450,900
25.12.2023 07:13:11.387 GMT+0330,1.10141,1.10105,900,900
25.12.2023 07:13:12.743 GMT+0330,1.10121,1.1001,900,900
25.12.2023 07:13:12.844 GMT+0330,1.10121,1.1001200000000002,900,900
25.12.2023 07:14:42.859 GMT+0330,1.10121,1.1001100000000001,2700,900
25.12.2023 07:14:55.611 GMT+0330,1.1011900000000001,1.1001100000000001,450,900
25.12.2023 07:14:56.616 GMT+0330,1.10118,1.1001100000000001,450,900
25.12.2023 07:14:59.429 GMT+0330,1.10118,1.1001200000000002,450,900
25.12.2023 07:14:59.480 GMT+0330,1.10121,1.1001200000000002,900,900
25.12.2023 07:20:40.661 GMT+0330,1.10111,1.1001,900,900
25.12.2023 07:20:45.626 GMT+0330,1.1010900000000001,1.1001,450,900
25.12.2023 07:20:53.716 GMT+0330,1.10108,1.1001,450,900
25.12.2023 07:21:08.760 GMT+0330,1.1010700000000002,1.1001,450,900
25.12.2023 07:21:36.444 GMT+0330,1.10101,1.1001,900,900
25.12.2023 07:23:26.446 GMT+0330,1.10102,1.1001,900,900
25.12.2023 07:25:32.938 GMT+0330,1.10102,1.1001200000000002,900,900
25.12.2023 07:26:11.469 GMT+0330,1.1010900000000001,1.1001200000000002,900,900
25.12.2023 07:28:01.457 GMT+0330,1.10111,1.1001200000000002,900,900
25.12.2023 07:30:32.394 GMT+0330,1.1010700000000002,1.1001200000000002,450,900
25.12.2023 07:31:32.672 GMT+0330,1.10111,1.1001200000000002,900,900
25.12.2023 07:33:21.524 GMT+0330,1.10111,1.1001400000000001,900,900
25.12.2023 07:36:53.427 GMT+0330,1.10121,1.10015,900,900
25.12.2023 07:36:54.432 GMT+0330,1.1011900000000001,1.10015,450,900
25.12.2023 07:37:00.749 GMT+0330,1.1007500000000001,1.10008,900,900
25.12.2023 07:37:00.802 GMT+0330,1.10089,1.1001400000000001,450,900
25.12.2023 07:37:00.853 GMT+0330,1.1011900000000001,1.1001400000000001,450,900
25.12.2023 07:37:12.204 GMT+0330,1.1008600000000002,1.10008,900,900
25.12.2023 07:37:14.365 GMT+0330,1.10095,1.10008,900,900
25.12.2023 07:37:17.179 GMT+0330,1.1008200000000001,1.10008,450,900
25.12.2023 07:37:18.184 GMT+0330,1.1009,1.10008,450,900
25.12.2023 07:37:21.751 GMT+0330,1.10089,1.10008,450,900
25.12.2023 07:37:24.715 GMT+0330,1.10088,1.10008,450,900
25.12.2023 07:37:27.623 GMT+0330,1.1007500000000001,1.10008,450,900
25.12.2023 07:37:31.735 GMT+0330,1.1006799999999999,1.10008,450,900
25.12.2023 07:37:35.748 GMT+0330,1.10067,1.10008,450,900
25.12.2023 07:37:36.751 GMT+0330,1.1007500000000001,1.10008,450,900
25.12.2023 07:37:39.559 GMT+0330,1.1008,1.1001400000000001,900,900
25.12.2023 07:37:39.611 GMT+0330,1.1011600000000001,1.1001400000000001,450,900
25.12.2023 07:37:40.514 GMT+0330,1.1011900000000001,1.1001400000000001,450,900
25.12.2023 07:38:40.494 GMT+0330,1.10121,1.1001400000000001,900,900
25.12.2023 07:38:49.019 GMT+0330,1.10122,1.1001400000000001,1800,900
25.12.2023 07:42:14.586 GMT+0330,1.10125,1.1001400000000001,900,900
25.12.2023 07:43:10.898 GMT+0330,1.1012700000000002,1.1001400000000001,1800,900
25.12.2023 07:45:54.571 GMT+0330,1.1012600000000001,1.1001400000000001,900,900
25.12.2023 07:46:41.209 GMT+0330,1.10123,1.1001400000000001,900,900
25.12.2023 07:46:42.163 GMT+0330,1.1012600000000001,1.1001400000000001,900,900
25.12.2023 07:48:45.185 GMT+0330,1.1010900000000001,1.1001400000000001,900,900
25.12.2023 07:52:03.807 GMT+0330,1.10108,1.1001400000000001,1800,900
25.12.2023 07:53:09.411 GMT+0330,1.1012600000000001,1.1001400000000001,900,900
25.12.2023 07:53:41.258 GMT+0330,1.10108,1.1001400000000001,1800,900
25.12.2023 07:54:29.655 GMT+0330,1.1012700000000002,1.10016,900,900
25.12.2023 07:55:29.742 GMT+0330,1.10141,1.10016,900,900
25.12.2023 07:55:36.713 GMT+0330,1.1012700000000002,1.10016,900,900
25.12.2023 07:56:53.232 GMT+0330,1.10144,1.10016,900,900
25.12.2023 07:56:53.483 GMT+0330,1.10145,1.10016,900,900
25.12.2023 07:57:14.393 GMT+0330,1.10146,1.10016,900,900
25.12.2023 07:58:02.135 GMT+0330,1.1014700000000002,1.10016,900,900
25.12.2023 07:58:41.222 GMT+0330,1.1012700000000002,1.10016,900,900
25.12.2023 07:59:22.546 GMT+0330,1.10148,1.10016,900,900
25.12.2023 07:59:23.349 GMT+0330,1.1012700000000002,1.10016,900,900
25.12.2023 08:02:01.256 GMT+0330,1.10148,1.10016,450,900
25.12.2023 08:02:21.714 GMT+0330,1.10149,1.10016,900,900
25.12.2023 08:02:56.219 GMT+0330,1.1012700000000002,1.10016,900,900
25.12.2023 08:03:56.451 GMT+0330,1.10149,1.10016,900,900
25.12.2023 08:06:37.324 GMT+0330,1.1012700000000002,1.10016,900,900
25.12.2023 08:06:45.851 GMT+0330,1.10149,1.10016,900,900
25.12.2023 08:06:46.352 GMT+0330,1.1012700000000002,1.10016,900,900
25.12.2023 08:06:51.467 GMT+0330,1.10149,1.10016,900,900
25.12.2023 08:06:52.370 GMT+0330,1.1012700000000002,1.10016,900,900
25.12.2023 08:06:55.078 GMT+0330,1.10149,1.10016,900,900
25.12.2023 08:06:55.380 GMT+0330,1.1012700000000002,1.10016,900,900
25.12.2023 08:07:04.960 GMT+0330,1.10149,1.10016,900,900
25.12.2023 08:07:05.361 GMT+0330,1.1012700000000002,1.10016,900,900
25.12.2023 08:07:09.722 GMT+0330,1.10149,1.10016,900,900
25.12.2023 08:07:10.374 GMT+0330,1.1012700000000002,1.10016,900,900
25.12.2023 08:07:25.617 GMT+0330,1.10149,1.10016,900,900
25.12.2023 08:07:26.370 GMT+0330,1.1012700000000002,1.10016,900,900
25.12.2023 08:07:32.387 GMT+0330,1.10149,1.10016,900,900
25.12.2023 08:07:33.340 GMT+0330,1.1012700000000002,1.10016,900,900
25.12.2023 08:07:42.818 GMT+0330,1.10149,1.10016,900,900
25.12.2023 08:07:43.371 GMT+0330,1.1012700000000002,1.10016,900,900
25.12.2023 08:07:46.680 GMT+0330,1.10149,1.10016,900,900
25.12.2023 08:07:47.334 GMT+0330,1.1012700000000002,1.10016,900,900
25.12.2023 08:08:04.080 GMT+0330,1.1014700000000002,1.10016,450,900
25.12.2023 08:08:04.332 GMT+0330,1.1012700000000002,1.10016,900,900
25.12.2023 08:08:11.201 GMT+0330,1.1014700000000002,1.10016,450,900
25.12.2023 08:08:11.352 GMT+0330,1.1012700000000002,1.10016,900,900
25.12.2023 08:08:23.786 GMT+0330,1.1014700000000002,1.10016,450,900
25.12.2023 08:08:24.338 GMT+0330,1.1012700000000002,1.10016,900,900
25.12.2023 08:08:26.652 GMT+0330,1.1014700000000002,1.10016,450,900
25.12.2023 08:08:27.354 GMT+0330,1.1012700000000002,1.10016,900,900
25.12.2023 08:08:32.570 GMT+0330,1.1014700000000002,1.10016,450,900
25.12.2023 08:08:33.372 GMT+0330,1.1012700000000002,1.10016,900,900
25.12.2023 08:08:35.430 GMT+0330,1.1014700000000002,1.10016,450,900
25.12.2023 08:08:36.333 GMT+0330,1.1012700000000002,1.10016,900,900
25.12.2023 08:09:27.485 GMT+0330,1.10149,1.10016,900,900
25.12.2023 08:12:03.262 GMT+0330,1.1014000000000002,1.10016,900,900
25.12.2023 08:14:11.219 GMT+0330,1.10149,1.10016,900,900
25.12.2023 08:21:16.606 GMT+0330,1.10141,1.10016,900,900
25.12.2023 08:22:16.788 GMT+0330,1.10149,1.10016,900,900
25.12.2023 08:23:52.282 GMT+0330,1.1012700000000002,1.10016,900,900
25.12.2023 08:26:13.867 GMT+0330,1.1012700000000002,1.10025,900,900
25.12.2023 08:28:18.579 GMT+0330,1.10148,1.10025,900,900
25.12.2023 08:28:36.232 GMT+0330,1.1012700000000002,1.10025,1800,900
25.12.2023 08:29:36.486 GMT+0330,1.10148,1.10025,900,900
25.12.2023 08:30:00.057 GMT+0330,1.1012700000000002,1.10025,1800,900
25.12.2023 08:30:07.028 GMT+0330,1.10133,1.10025,450,900
25.12.2023 08:30:07.429 GMT+0330,1.1012700000000002,1.10025,1800,900
25.12.2023 08:30:33.755 GMT+0330,1.10138,1.10025,450,900
25.12.2023 08:30:34.107 GMT+0330,1.1013700000000002,1.10025,450,900
25.12.2023 08:30:34.458 GMT+0330,1.10133,1.10025,450,900
25.12.2023 08:30:35.511 GMT+0330,1.10148,1.10025,900,900
25.12.2023 08:30:36.213 GMT+0330,1.10133,1.10025,450,900
25.12.2023 08:30:38.469 GMT+0330,1.10148,1.10025,900,900
25.12.2023 08:30:39.221 GMT+0330,1.10133,1.10025,450,900
25.12.2023 08:30:41.478 GMT+0330,1.10148,1.10025,900,900
25.12.2023 08:30:42.181 GMT+0330,1.10133,1.10025,450,900
25.12.2023 08:30:44.487 GMT+0330,1.10148,1.10025,900,900
25.12.2023 08:30:45.189 GMT+0330,1.10133,1.10025,450,900
25.12.2023 08:30:47.497 GMT+0330,1.10148,1.10025,900,900
25.12.2023 08:30:48.200 GMT+0330,1.10133,1.10025,450,900
25.12.2023 08:30:50.504 GMT+0330,1.10148,1.10025,900,900
25.12.2023 08:30:51.207 GMT+0330,1.10133,1.10025,450,900
25.12.2023 08:30:53.486 GMT+0330,1.10148,1.10025,900,900
25.12.2023 08:30:54.188 GMT+0330,1.10133,1.10025,450,900
25.12.2023 08:30:56.498 GMT+0330,1.10148,1.10025,900,900
25.12.2023 08:30:57.202 GMT+0330,1.10133,1.10025,450,900
25.12.2023 08:30:59.509 GMT+0330,1.10148,1.10025,900,900
25.12.2023 08:31:00.211 GMT+0330,1.10133,1.10025,450,900
25.12.2023 08:31:02.517 GMT+0330,1.10148,1.10025,900,900
25.12.2023 08:31:03.219 GMT+0330,1.10133,1.10025,450,900
25.12.2023 08:31:05.482 GMT+0330,1.10148,1.10025,900,900
25.12.2023 08:31:06.185 GMT+0330,1.10133,1.10025,450,900
25.12.2023 08:31:08.494 GMT+0330,1.10148,1.10025,900,900
25.12.2023 08:31:09.198 GMT+0330,1.10133,1.10025,450,900
25.12.2023 08:31:11.507 GMT+0330,1.10148,1.10025,900,900
25.12.2023 08:31:12.211 GMT+0330,1.10133,1.10025,450,900
25.12.2023 08:31:14.469 GMT+0330,1.10148,1.10025,900,900
25.12.2023 08:31:15.223 GMT+0330,1.10133,1.10025,450,900
25.12.2023 08:31:17.480 GMT+0330,1.10148,1.10025,900,900
25.12.2023 08:31:18.233 GMT+0330,1.10133,1.10025,450,900
25.12.2023 08:31:20.489 GMT+0330,1.10148,1.10025,900,900
25.12.2023 08:31:21.242 GMT+0330,1.10133,1.10025,450,900
25.12.2023 08:31:23.499 GMT+0330,1.10148,1.10025,900,900
25.12.2023 08:31:24.201 GMT+0330,1.10133,1.10025,450,900
25.12.2023 08:31:26.508 GMT+0330,1.10148,1.10025,900,900
25.12.2023 08:31:27.210 GMT+0330,1.10133,1.10025,450,900
25.12.2023 08:31:29.516 GMT+0330,1.10148,1.10025,900,900
25.12.2023 08:31:30.218 GMT+0330,1.10133,1.10025,450,900
25.12.2023 08:31:32.474 GMT+0330,1.10148,1.10025,900,900
25.12.2023 08:31:33.227 GMT+0330,1.10133,1.10025,450,900
25.12.2023 08:31:35.483 GMT+0330,1.10148,1.10025,900,900
25.12.2023 08:31:36.235 GMT+0330,1.10133,1.10025,450,900
25.12.2023 08:31:38.491 GMT+0330,1.10148,1.10025,900,900
25.12.2023 08:31:39.193 GMT+0330,1.10133,1.10025,450,900
25.12.2023 08:31:41.500 GMT+0330,1.10148,1.10025,900,900
25.12.2023 08:31:42.203 GMT+0330,1.10133,1.10025,450,900
25.12.2023 08:31:44.509 GMT+0330,1.10148,1.10025,900,900
25.12.2023 08:31:45.212 GMT+0330,1.10133,1.10025,450,900
25.12.2023 08:31:47.518 GMT+0330,1.10148,1.10025,900,900
25.12.2023 08:31:48.220 GMT+0330,1.10133,1.10025,450,900
25.12.2023 08:31:50.477 GMT+0330,1.10148,1.10025,900,900
25.12.2023 08:31:51.230 GMT+0330,1.10133,1.10025,450,900
25.12.2023 08:31:53.485 GMT+0330,1.10148,1.10025,900,900
25.12.2023 08:31:54.187 GMT+0330,1.10133,1.10025,450,900
25.12.2023 08:31:56.493 GMT+0330,1.10148,1.10025,900,900
25.12.2023 08:31:57.196 GMT+0330,1.10133,1.10025,450,900
25.12.2023 08:31:59.502 GMT+0330,1.10148,1.10025,900,900
25.12.2023 08:32:00.254 GMT+0330,1.10133,1.10025,450,900
25.12.2023 08:32:02.560 GMT+0330,1.10148,1.10025,900,900
25.12.2023 08:32:03.213 GMT+0330,1.10133,1.10025,450,900
25.12.2023 08:32:05.471 GMT+0330,1.10148,1.10025,900,900
25.12.2023 08:32:06.224 GMT+0330,1.10133,1.10025,450,900
25.12.2023 08:32:08.479 GMT+0330,1.10148,1.10025,900,900
25.12.2023 08:32:09.231 GMT+0330,1.10133,1.10025,450,900
25.12.2023 08:32:11.537 GMT+0330,1.10148,1.10025,900,900
25.12.2023 08:32:12.245 GMT+0330,1.10133,1.10025,450,900
25.12.2023 08:32:14.553 GMT+0330,1.10148,1.10025,900,900
25.12.2023 08:32:15.256 GMT+0330,1.10133,1.10025,450,900
25.12.2023 08:32:17.562 GMT+0330,1.10148,1.10025,900,900
25.12.2023 08:32:18.214 GMT+0330,1.10133,1.10025,450,900
25.12.2023 08:32:20.571 GMT+0330,1.10148,1.10025,900,900
25.12.2023 08:32:21.223 GMT+0330,1.10133,1.10025,450,900
25.12.2023 08:32:23.531 GMT+0330,1.10148,1.10025,900,900
25.12.2023 08:32:24.233 GMT+0330,1.10133,1.10025,450,900
25.12.2023 08:32:26.538 GMT+0330,1.10148,1.10025,900,900
25.12.2023 08:32:27.240 GMT+0330,1.10133,1.10025,450,900
25.12.2023 08:32:29.546 GMT+0330,1.10148,1.10025,900,900
25.12.2023 08:32:30.249 GMT+0330,1.10133,1.10025,450,900
25.12.2023 08:32:32.555 GMT+0330,1.10148,1.10025,900,900
25.12.2023 08:32:33.257 GMT+0330,1.10133,1.10025,450,900
25.12.2023 08:32:35.563 GMT+0330,1.10148,1.10025,900,900
25.12.2023 08:32:36.216 GMT+0330,1.10133,1.10025,450,900
25.12.2023 08:32:38.573 GMT+0330,1.10148,1.10025,900,900
25.12.2023 08:32:39.227 GMT+0330,1.10133,1.10025,450,900
25.12.2023 08:32:41.583 GMT+0330,1.10148,1.10025,900,900
25.12.2023 08:32:42.235 GMT+0330,1.10133,1.10025,450,900
25.12.2023 08:32:44.542 GMT+0330,1.10148,1.10025,900,900
25.12.2023 08:32:45.245 GMT+0330,1.10133,1.10025,450,900
25.12.2023 08:32:47.551 GMT+0330,1.10148,1.10025,900,900
25.12.2023 08:32:48.253 GMT+0330,1.10133,1.10025,450,900
25.12.2023 08:32:50.561 GMT+0330,1.10148,1.10025,900,900
25.12.2023 08:32:51.263 GMT+0330,1.10133,1.10025,450,900
25.12.2023 08:32:53.569 GMT+0330,1.10148,1.10025,900,900
25.12.2023 08:32:54.272 GMT+0330,1.10133,1.10025,450,900
25.12.2023 08:32:56.578 GMT+0330,1.10148,1.10025,900,900
25.12.2023 08:32:57.231 GMT+0330,1.10133,1.10025,450,900
25.12.2023 08:32:59.537 GMT+0330,1.10148,1.10025,900,900
25.12.2023 08:33:00.240 GMT+0330,1.10133,1.10025,450,900
25.12.2023 08:33:02.546 GMT+0330,1.10148,1.10025,900,900
25.12.2023 08:33:03.249 GMT+0330,1.10133,1.10025,450,900
25.12.2023 08:33:05.558 GMT+0330,1.10148,1.10025,900,900
25.12.2023 08:33:06.260 GMT+0330,1.10133,1.10025,450,900
25.12.2023 08:33:08.564 GMT+0330,1.10148,1.10025,900,900
25.12.2023 08:33:09.266 GMT+0330,1.10133,1.10025,450,900
25.12.2023 08:33:11.573 GMT+0330,1.10148,1.10025,900,900
25.12.2023 08:33:12.226 GMT+0330,1.10133,1.10025,450,900
25.12.2023 08:33:14.533 GMT+0330,1.10148,1.10025,900,900
25.12.2023 08:33:15.235 GMT+0330,1.10133,1.10025,450,900
25.12.2023 08:33:17.541 GMT+0330,1.10148,1.10025,900,900
25.12.2023 08:33:18.244 GMT+0330,1.10133,1.10025,450,900
25.12.2023 08:33:20.551 GMT+0330,1.10148,1.10025,900,900
25.12.2023 08:33:21.254 GMT+0330,1.10133,1.10025,450,900
25.12.2023 08:33:23.560 GMT+0330,1.10148,1.10025,900,900
25.12.2023 08:33:24.262 GMT+0330,1.10133,1.10025,450,900
25.12.2023 08:33:26.569 GMT+0330,1.10148,1.10025,900,900
25.12.2023 08:33:27.221 GMT+0330,1.10133,1.10025,450,900
25.12.2023 08:33:29.579 GMT+0330,1.10148,1.10025,900,900
25.12.2023 08:33:30.281 GMT+0330,1.10133,1.10025,450,900
25.12.2023 08:33:32.537 GMT+0330,1.10148,1.10025,900,900
25.12.2023 08:33:33.290 GMT+0330,1.10133,1.10025,450,900
25.12.2023 08:33:35.546 GMT+0330,1.10148,1.10025,900,900
25.12.2023 08:33:36.248 GMT+0330,1.10133,1.10025,450,900
25.12.2023 08:33:38.556 GMT+0330,1.10148,1.10025,900,900
25.12.2023 08:33:39.259 GMT+0330,1.10133,1.10025,450,900
25.12.2023 08:33:41.565 GMT+0330,1.10148,1.10025,900,900
25.12.2023 08:33:42.267 GMT+0330,1.10133,1.10025,450,900
25.12.2023 08:33:44.573 GMT+0330,1.10148,1.10025,900,900
25.12.2023 08:33:45.276 GMT+0330,1.10133,1.10025,450,900
25.12.2023 08:33:47.582 GMT+0330,1.10148,1.10025,900,900
25.12.2023 08:33:48.285 GMT+0330,1.10133,1.10025,450,900
25.12.2023 08:33:48.436 GMT+0330,1.1013700000000002,1.10025,450,900
25.12.2023 08:33:50.542 GMT+0330,1.10148,1.10025,900,900
25.12.2023 08:33:51.244 GMT+0330,1.1013700000000002,1.10025,450,900
25.12.2023 08:33:52.247 GMT+0330,1.10133,1.10025,450,900
25.12.2023 08:33:53.551 GMT+0330,1.10148,1.10025,900,900
25.12.2023 08:33:54.254 GMT+0330,1.10133,1.10025,450,900
25.12.2023 08:33:56.561 GMT+0330,1.10148,1.10025,900,900
25.12.2023 08:33:57.263 GMT+0330,1.10133,1.10025,450,900
25.12.2023 08:33:59.569 GMT+0330,1.10148,1.10025,900,900
25.12.2023 08:34:00.272 GMT+0330,1.10133,1.10025,450,900
25.12.2023 08:34:02.579 GMT+0330,1.10148,1.10025,900,900
25.12.2023 08:34:03.281 GMT+0330,1.10133,1.10025,450,900
25.12.2023 08:34:05.538 GMT+0330,1.10148,1.10025,900,900
25.12.2023 08:34:06.290 GMT+0330,1.10133,1.10025,450,900
25.12.2023 08:34:08.546 GMT+0330,1.10148,1.10025,900,900
25.12.2023 08:34:09.248 GMT+0330,1.10133,1.10025,450,900
25.12.2023 08:34:11.555 GMT+0330,1.10148,1.10025,900,900
25.12.2023 08:34:12.258 GMT+0330,1.10133,1.10025,450,900
25.12.2023 08:34:14.564 GMT+0330,1.10148,1.10025,900,900
25.12.2023 08:34:15.266 GMT+0330,1.10133,1.10025,450,900
25.12.2023 08:34:17.573 GMT+0330,1.10148,1.10025,900,900
25.12.2023 08:34:18.275 GMT+0330,1.10133,1.10025,450,900
25.12.2023 08:34:20.532 GMT+0330,1.10148,1.10025,900,900
25.12.2023 08:34:21.285 GMT+0330,1.10133,1.10025,450,900
25.12.2023 08:34:23.541 GMT+0330,1.10148,1.10025,900,900
25.12.2023 08:34:24.293 GMT+0330,1.10133,1.10025,450,900
25.12.2023 08:34:26.550 GMT+0330,1.10148,1.10025,900,900
25.12.2023 08:34:27.303 GMT+0330,1.10133,1.10025,450,900
25.12.2023 08:34:29.559 GMT+0330,1.10148,1.10025,900,900
25.12.2023 08:34:30.312 GMT+0330,1.10133,1.10025,450,900
25.12.2023 08:34:32.567 GMT+0330,1.10148,1.10025,900,900
25.12.2023 08:34:33.270 GMT+0330,1.10133,1.10025,450,900
25.12.2023 08:34:35.577 GMT+0330,1.10148,1.10025,900,900
25.12.2023 08:34:36.279 GMT+0330,1.10133,1.10025,450,900
25.12.2023 08:34:38.535 GMT+0330,1.10148,1.10025,900,900
25.12.2023 08:34:39.288 GMT+0330,1.10133,1.10025,450,900
25.12.2023 08:34:41.544 GMT+0330,1.10148,1.10025,900,900
25.12.2023 08:34:42.296 GMT+0330,1.10133,1.10025,450,900
25.12.2023 08:34:44.552 GMT+0330,1.10148,1.10025,900,900
25.12.2023 08:34:45.256 GMT+0330,1.10133,1.10025,450,900
25.12.2023 08:34:47.512 GMT+0330,1.10148,1.10025,900,900
25.12.2023 08:34:48.265 GMT+0330,1.10133,1.10025,450,900
25.12.2023 08:34:50.521 GMT+0330,1.10148,1.10025,900,900
25.12.2023 08:34:51.273 GMT+0330,1.10133,1.10025,450,900
25.12.2023 08:34:53.479 GMT+0330,1.10148,1.10025,900,900
25.12.2023 08:34:54.281 GMT+0330,1.10133,1.10025,450,900
25.12.2023 08:34:56.488 GMT+0330,1.10148,1.10025,900,900
25.12.2023 08:34:57.290 GMT+0330,1.10133,1.10025,450,900
25.12.2023 08:34:59.495 GMT+0330,1.10148,1.10025,900,900
25.12.2023 08:35:00.297 GMT+0330,1.10133,1.10025,450,900
25.12.2023 08:35:02.504 GMT+0330,1.10148,1.10025,900,900
25.12.2023 08:35:03.257 GMT+0330,1.10133,1.10025,450,900
25.12.2023 08:35:05.488 GMT+0330,1.10148,1.10025,900,900
25.12.2023 08:35:06.290 GMT+0330,1.10133,1.10025,450,900
25.12.2023 08:35:08.496 GMT+0330,1.10148,1.10025,900,900
25.12.2023 08:35:09.298 GMT+0330,1.10133,1.10025,450,900
25.12.2023 08:35:11.504 GMT+0330,1.10148,1.10025,900,900
25.12.2023 08:35:12.258 GMT+0330,1.10133,1.10025,450,900
25.12.2023 08:35:14.514 GMT+0330,1.10148,1.10025,900,900
25.12.2023 08:35:15.316 GMT+0330,1.10133,1.10025,450,900
25.12.2023 08:35:17.472 GMT+0330,1.10148,1.10025,900,900
25.12.2023 08:35:18.325 GMT+0330,1.10133,1.10025,450,900
25.12.2023 08:35:20.482 GMT+0330,1.10148,1.10025,900,900
25.12.2023 08:35:21.285 GMT+0330,1.10133,1.10025,450,900
25.12.2023 08:35:23.491 GMT+0330,1.10148,1.10025,900,900
25.12.2023 08:35:24.293 GMT+0330,1.10133,1.10025,450,900
25.12.2023 08:35:26.500 GMT+0330,1.10148,1.10025,900,900
25.12.2023 08:35:27.302 GMT+0330,1.10133,1.10025,450,900
25.12.2023 08:35:29.511 GMT+0330,1.10148,1.10025,900,900
25.12.2023 08:35:30.313 GMT+0330,1.10133,1.10025,450,900
25.12.2023 08:35:32.468 GMT+0330,1.10148,1.10025,900,900
25.12.2023 08:35:33.321 GMT+0330,1.10133,1.10025,450,900
25.12.2023 08:35:35.478 GMT+0330,1.10148,1.10025,900,900
25.12.2023 08:35:36.280 GMT+0330,1.10133,1.10025,450,900
25.12.2023 08:35:38.487 GMT+0330,1.10148,1.10025,900,900
25.12.2023 08:35:39.289 GMT+0330,1.10133,1.10025,450,900
25.12.2023 08:35:41.495 GMT+0330,1.10148,1.10025,900,900
25.12.2023 08:35:42.298 GMT+0330,1.10133,1.10025,450,900
25.12.2023 08:35:44.505 GMT+0330,1.10148,1.10025,900,900
25.12.2023 08:35:45.308 GMT+0330,1.10133,1.10025,450,900
25.12.2023 08:35:47.514 GMT+0330,1.10148,1.10025,900,900
25.12.2023 08:35:48.316 GMT+0330,1.10133,1.10025,450,900
25.12.2023 08:35:50.472 GMT+0330,1.10148,1.10025,900,900
25.12.2023 08:35:51.325 GMT+0330,1.10133,1.10025,450,900
25.12.2023 08:35:53.532 GMT+0330,1.10148,1.10025,900,900
25.12.2023 08:35:54.285 GMT+0330,1.10133,1.10025,450,900
25.12.2023 08:35:56.541 GMT+0330,1.10148,1.10025,900,900
25.12.2023 08:35:57.293 GMT+0330,1.10133,1.10025,450,900
25.12.2023 08:35:59.550 GMT+0330,1.10148,1.10025,900,900
25.12.2023 08:36:00.303 GMT+0330,1.10133,1.10025,450,900
25.12.2023 08:36:02.559 GMT+0330,1.10148,1.10025,900,900
25.12.2023 08:36:03.312 GMT+0330,1.10133,1.10025,450,900
25.12.2023 08:36:05.569 GMT+0330,1.10148,1.10025,900,900
25.12.2023 08:36:06.321 GMT+0330,1.10133,1.10025,450,900
25.12.2023 08:36:08.575 GMT+0330,1.10148,1.10025,900,900
25.12.2023 08:36:09.328 GMT+0330,1.10133,1.10025,450,900
25.12.2023 08:36:11.534 GMT+0330,1.10148,1.10025,900,900
25.12.2023 08:36:12.287 GMT+0330,1.10133,1.10025,450,900
25.12.2023 08:36:14.543 GMT+0330,1.10148,1.10025,900,900
25.12.2023 08:36:15.296 GMT+0330,1.10133,1.10025,450,900
25.12.2023 08:36:17.553 GMT+0330,1.10148,1.10025,900,900
25.12.2023 08:36:18.306 GMT+0330,1.10133,1.10025,450,900
25.12.2023 08:36:20.563 GMT+0330,1.10148,1.10025,900,900
25.12.2023 08:36:21.315 GMT+0330,1.10133,1.10025,450,900
25.12.2023 08:36:23.571 GMT+0330,1.10148,1.10025,900,900
25.12.2023 08:36:24.323 GMT+0330,1.10133,1.10025,450,900
25.12.2023 08:36:26.579 GMT+0330,1.10148,1.10025,900,900
25.12.2023 08:36:27.282 GMT+0330,1.10133,1.10025,450,900
25.12.2023 08:36:29.537 GMT+0330,1.10148,1.10025,900,900
25.12.2023 08:36:30.290 GMT+0330,1.10133,1.10025,450,900
25.12.2023 08:36:32.545 GMT+0330,1.10148,1.10025,900,900
25.12.2023 08:36:33.298 GMT+0330,1.10133,1.10025,450,900
25.12.2023 08:36:35.555 GMT+0330,1.10148,1.10025,900,900
25.12.2023 08:36:36.308 GMT+0330,1.10133,1.10025,450,900
25.12.2023 08:36:38.564 GMT+0330,1.10148,1.10025,900,900
25.12.2023 08:36:39.316 GMT+0330,1.10133,1.10025,450,900
25.12.2023 08:36:41.572 GMT+0330,1.10148,1.10025,900,900
25.12.2023 08:36:42.324 GMT+0330,1.10133,1.10025,450,900
25.12.2023 08:36:44.532 GMT+0330,1.10148,1.10025,900,900
25.12.2023 08:36:45.284 GMT+0330,1.10133,1.10025,450,900
25.12.2023 08:36:47.540 GMT+0330,1.10148,1.10025,900,900
25.12.2023 08:36:48.343 GMT+0330,1.10133,1.10025,450,900
25.12.2023 08:36:50.550 GMT+0330,1.10148,1.10025,900,900
25.12.2023 08:36:51.352 GMT+0330,1.10133,1.10025,450,900
25.12.2023 08:36:53.560 GMT+0330,1.10148,1.10025,900,900
25.12.2023 08:36:54.313 GMT+0330,1.10133,1.10025,450,900
25.12.2023 08:36:56.569 GMT+0330,1.10148,1.10025,900,900
25.12.2023 08:36:57.322 GMT+0330,1.10133,1.10025,450,900
25.12.2023 08:36:59.578 GMT+0330,1.10148,1.10025,900,900
25.12.2023 08:37:00.331 GMT+0330,1.10133,1.10025,450,900
25.12.2023 08:37:02.537 GMT+0330,1.10148,1.10025,900,900
25.12.2023 08:37:03.339 GMT+0330,1.10133,1.10025,450,900
25.12.2023 08:37:05.553 GMT+0330,1.10148,1.10025,900,900
25.12.2023 08:37:06.356 GMT+0330,1.10133,1.10025,450,900
25.12.2023 08:37:09.265 GMT+0330,1.10148,1.10025,900,900
25.12.2023 08:37:09.316 GMT+0330,1.10133,1.10025,450,900
25.12.2023 08:37:12.278 GMT+0330,1.10148,1.10025,900,900
25.12.2023 08:37:12.329 GMT+0330,1.10133,1.10025,450,900
25.12.2023 08:37:15.240 GMT+0330,1.10148,1.10025,900,900
25.12.2023 08:37:15.342 GMT+0330,1.10133,1.10025,450,900
25.12.2023 08:37:18.253 GMT+0330,1.10148,1.10025,900,900
25.12.2023 08:37:18.354 GMT+0330,1.10133,1.10025,450,900
25.12.2023 08:38:18.754 GMT+0330,1.10148,1.10025,900,900
25.12.2023 08:39:08.001 GMT+0330,1.10133,1.10016,450,900
25.12.2023 08:39:09.305 GMT+0330,1.10148,1.10016,900,900
25.12.2023 08:39:09.356 GMT+0330,1.10133,1.10016,450,900
25.12.2023 08:39:14.670 GMT+0330,1.10148,1.10016,900,900
25.12.2023 08:39:15.372 GMT+0330,1.10133,1.10016,450,900
25.12.2023 08:39:15.525 GMT+0330,1.10133,1.10053,450,900
25.12.2023 08:39:17.531 GMT+0330,1.10159,1.10053,900,900
25.12.2023 08:39:18.333 GMT+0330,1.10133,1.10053,450,900
25.12.2023 08:39:38.561 GMT+0330,1.10152,1.10053,450,900
25.12.2023 08:39:39.715 GMT+0330,1.10151,1.10053,450,900
25.12.2023 08:39:42.372 GMT+0330,1.10133,1.10053,450,900
25.12.2023 08:39:48.340 GMT+0330,1.10151,1.10053,450,900
25.12.2023 08:39:48.391 GMT+0330,1.10133,1.10053,450,900
25.12.2023 08:39:53.856 GMT+0330,1.10151,1.10053,450,900
25.12.2023 08:39:54.408 GMT+0330,1.10133,1.10053,450,900
25.12.2023 08:40:08.852 GMT+0330,1.10143,1.10053,900,900
25.12.2023 08:40:09.404 GMT+0330,1.10133,1.10053,450,900
25.12.2023 08:40:11.811 GMT+0330,1.10143,1.10053,900,900
25.12.2023 08:40:12.413 GMT+0330,1.10133,1.10053,450,900
25.12.2023 08:40:15.320 GMT+0330,1.10143,1.10053,900,900
25.12.2023 08:40:15.372 GMT+0330,1.10133,1.10053,450,900
25.12.2023 08:40:45.311 GMT+0330,1.10143,1.10053,900,900
25.12.2023 08:40:45.412 GMT+0330,1.10133,1.10053,450,900
25.12.2023 08:41:08.830 GMT+0330,1.10143,1.10053,900,900
25.12.2023 08:41:09.432 GMT+0330,1.10133,1.10053,450,900
25.12.2023 08:41:33.350 GMT+0330,1.10143,1.10053,900,900
25.12.2023 08:41:33.452 GMT+0330,1.10133,1.10053,450,900
25.12.2023 08:41:36.360 GMT+0330,1.10143,1.10053,900,900
25.12.2023 08:41:36.461 GMT+0330,1.10133,1.10053,450,900
25.12.2023 08:41:42.372 GMT+0330,1.10143,1.10053,900,900
25.12.2023 08:41:42.474 GMT+0330,1.10133,1.10053,450,900
25.12.2023 08:42:49.068 GMT+0330,1.10142,1.10053,900,900
25.12.2023 08:43:09.483 GMT+0330,1.10133,1.10053,450,900
25.12.2023 08:43:20.817 GMT+0330,1.10142,1.10053,900,900
25.12.2023 08:43:21.469 GMT+0330,1.10133,1.10053,450,900
25.12.2023 08:43:27.386 GMT+0330,1.10142,1.10053,900,900
25.12.2023 08:43:27.487 GMT+0330,1.10133,1.10053,450,900
25.12.2023 08:43:38.871 GMT+0330,1.10142,1.10053,900,900
25.12.2023 08:43:39.875 GMT+0330,1.10133,1.10053,450,900
25.12.2023 08:43:45.340 GMT+0330,1.10142,1.10053,900,900
25.12.2023 08:43:45.441 GMT+0330,1.10133,1.10053,450,900
25.12.2023 08:43:57.427 GMT+0330,1.10142,1.10053,900,900
25.12.2023 08:43:57.478 GMT+0330,1.10133,1.10053,450,900
25.12.2023 08:44:03.416 GMT+0330,1.10142,1.10053,900,900
25.12.2023 08:44:03.467 GMT+0330,1.10133,1.10053,450,900
25.12.2023 08:44:09.434 GMT+0330,1.10142,1.10053,900,900
25.12.2023 08:44:09.485 GMT+0330,1.10133,1.10053,450,900
25.12.2023 08:44:33.455 GMT+0330,1.10142,1.10053,900,900
25.12.2023 08:44:33.506 GMT+0330,1.10133,1.10053,450,900
25.12.2023 08:44:56.825 GMT+0330,1.10142,1.10053,900,900
25.12.2023 08:44:57.477 GMT+0330,1.10133,1.10053,450,900
25.12.2023 08:45:20.847 GMT+0330,1.10142,1.10053,900,900
25.12.2023 08:45:21.499 GMT+0330,1.10133,1.10053,450,900
25.12.2023 08:45:56.856 GMT+0330,1.10142,1.10053,900,900
25.12.2023 08:45:57.509 GMT+0330,1.10133,1.10053,450,900
25.12.2023 08:46:35.821 GMT+0330,1.10142,1.10053,900,900
25.12.2023 08:46:36.473 GMT+0330,1.10133,1.10053,450,900
25.12.2023 08:46:57.506 GMT+0330,1.10142,1.10053,900,900
25.12.2023 08:46:57.707 GMT+0330,1.10133,1.10053,450,900
25.12.2023 08:47:03.474 GMT+0330,1.10142,1.10053,900,900
25.12.2023 08:47:16.513 GMT+0330,1.10133,1.10053,450,900
25.12.2023 08:47:18.520 GMT+0330,1.10142,1.10053,900,900
25.12.2023 08:47:18.571 GMT+0330,1.10133,1.10053,450,900
25.12.2023 08:47:21.481 GMT+0330,1.10142,1.10053,900,900
25.12.2023 08:47:21.633 GMT+0330,1.10133,1.10053,450,900
25.12.2023 08:47:24.493 GMT+0330,1.10142,1.10053,900,900
25.12.2023 08:47:24.795 GMT+0330,1.10133,1.10053,450,900
25.12.2023 08:47:27.506 GMT+0330,1.10142,1.10053,900,900
25.12.2023 08:47:27.808 GMT+0330,1.10133,1.10053,450,900
25.12.2023 08:47:30.518 GMT+0330,1.10142,1.10053,900,900
25.12.2023 08:47:30.821 GMT+0330,1.10133,1.10053,450,900
25.12.2023 08:47:36.441 GMT+0330,1.10142,1.10053,900,900
25.12.2023 08:47:36.794 GMT+0330,1.10133,1.10053,450,900
25.12.2023 08:47:39.454 GMT+0330,1.10142,1.10053,900,900
25.12.2023 08:47:39.805 GMT+0330,1.10133,1.10053,450,900
25.12.2023 08:47:42.513 GMT+0330,1.10142,1.10053,900,900
25.12.2023 08:47:42.815 GMT+0330,1.10133,1.10053,450,900
25.12.2023 08:47:45.472 GMT+0330,1.10142,1.10053,900,900
25.12.2023 08:47:45.573 GMT+0330,1.10133,1.10053,450,900
25.12.2023 08:47:48.482 GMT+0330,1.10142,1.10053,900,900
25.12.2023 08:47:48.833 GMT+0330,1.10133,1.10053,450,900
25.12.2023 08:47:51.489 GMT+0330,1.10142,1.10053,900,900
25.12.2023 08:47:51.791 GMT+0330,1.10133,1.10053,450,900
25.12.2023 08:47:54.497 GMT+0330,1.10142,1.10053,900,900
25.12.2023 08:47:54.799 GMT+0330,1.10133,1.10053,450,900
25.12.2023 08:47:56.853 GMT+0330,1.10142,1.10053,900,900
25.12.2023 08:47:57.506 GMT+0330,1.10133,1.10053,450,900
25.12.2023 08:47:59.862 GMT+0330,1.10142,1.10053,900,900
25.12.2023 08:48:00.665 GMT+0330,1.10133,1.10053,450,900
25.12.2023 08:48:03.473 GMT+0330,1.10142,1.10053,900,900
25.12.2023 08:48:03.825 GMT+0330,1.10133,1.10053,450,900
25.12.2023 08:48:06.431 GMT+0330,1.10142,1.10053,900,900
25.12.2023 08:48:06.834 GMT+0330,1.10133,1.10053,450,900
25.12.2023 08:48:12.497 GMT+0330,1.10142,1.10053,900,900
25.12.2023 08:48:12.799 GMT+0330,1.10133,1.10053,450,900
25.12.2023 08:48:18.513 GMT+0330,1.10142,1.10053,900,900
25.12.2023 08:48:21.572 GMT+0330,1.10133,1.10053,450,900
25.12.2023 08:48:24.479 GMT+0330,1.10142,1.10053,900,900
25.12.2023 08:48:24.580 GMT+0330,1.10133,1.10053,450,900
25.12.2023 08:48:27.487 GMT+0330,1.10142,1.10053,900,900
25.12.2023 08:48:31.548 GMT+0330,1.10133,1.10053,450,900
25.12.2023 08:48:33.502 GMT+0330,1.10142,1.10053,900,900
25.12.2023 08:48:36.662 GMT+0330,1.10133,1.10053,450,900
25.12.2023 08:48:38.869 GMT+0330,1.10142,1.10053,900,900
25.12.2023 08:48:39.671 GMT+0330,1.10133,1.10053,450,900
25.12.2023 08:48:48.498 GMT+0330,1.10142,1.10053,900,900
25.12.2023 08:48:51.859 GMT+0330,1.10133,1.10053,450,900
25.12.2023 08:48:54.515 GMT+0330,1.10142,1.10053,900,900
25.12.2023 08:48:56.271 GMT+0330,1.10133,1.10053,450,900
25.12.2023 08:48:57.475 GMT+0330,1.10142,1.10053,900,900
25.12.2023 08:48:57.626 GMT+0330,1.10133,1.10053,450,900
25.12.2023 08:49:00.484 GMT+0330,1.10142,1.10053,900,900
25.12.2023 08:49:00.585 GMT+0330,1.10133,1.10053,450,900
25.12.2023 08:49:03.493 GMT+0330,1.10142,1.10053,900,900
25.12.2023 08:49:03.594 GMT+0330,1.10133,1.10053,450,900
25.12.2023 08:49:06.452 GMT+0330,1.10142,1.10053,900,900
25.12.2023 08:49:06.603 GMT+0330,1.10133,1.10053,450,900
25.12.2023 08:49:09.516 GMT+0330,1.10142,1.10053,900,900
25.12.2023 08:49:09.618 GMT+0330,1.10133,1.10053,450,900
25.12.2023 08:49:15.489 GMT+0330,1.10142,1.10053,900,900
25.12.2023 08:49:15.590 GMT+0330,1.10133,1.10053,450,900
25.12.2023 08:49:21.514 GMT+0330,1.10142,1.10053,900,900
25.12.2023 08:49:21.615 GMT+0330,1.10133,1.10053,450,900
25.12.2023 08:49:30.501 GMT+0330,1.10142,1.10053,900,900
25.12.2023 08:49:30.853 GMT+0330,1.10133,1.10053,1350,900
25.12.2023 08:49:48.475 GMT+0330,1.10142,1.10053,900,900
25.12.2023 08:49:52.839 GMT+0330,1.10133,1.10053,1350,900
25.12.2023 08:50:00.511 GMT+0330,1.10142,1.10053,900,900
25.12.2023 08:50:06.881 GMT+0330,1.10133,1.10053,1350,900
25.12.2023 08:50:09.489 GMT+0330,1.10142,1.10053,900,900
25.12.2023 08:50:27.844 GMT+0330,1.10133,1.10053,1350,900
25.12.2023 08:50:30.502 GMT+0330,1.10142,1.10053,900,900
25.12.2023 08:50:30.653 GMT+0330,1.10133,1.10053,1350,900
25.12.2023 08:50:33.511 GMT+0330,1.10142,1.10053,900,900
25.12.2023 08:50:33.663 GMT+0330,1.10133,1.10053,1350,900
25.12.2023 08:50:36.470 GMT+0330,1.10142,1.10053,900,900
25.12.2023 08:50:36.622 GMT+0330,1.10133,1.10053,1350,900
25.12.2023 08:50:39.479 GMT+0330,1.10142,1.10053,900,900
25.12.2023 08:50:39.631 GMT+0330,1.10133,1.10053,1350,900
25.12.2023 08:50:42.489 GMT+0330,1.10142,1.10053,900,900
25.12.2023 08:50:42.640 GMT+0330,1.10133,1.10053,1350,900
25.12.2023 08:50:45.498 GMT+0330,1.10142,1.10053,900,900
25.12.2023 08:50:52.469 GMT+0330,1.10133,1.10053,1350,900
25.12.2023 08:50:54.475 GMT+0330,1.10142,1.10053,900,900
25.12.2023 08:51:00.895 GMT+0330,1.10133,1.10053,450,900
25.12.2023 08:51:03.503 GMT+0330,1.10142,1.10053,900,900
25.12.2023 08:51:07.567 GMT+0330,1.10133,1.10053,450,900
25.12.2023 08:51:09.472 GMT+0330,1.10142,1.10053,900,900
25.12.2023 08:51:09.623 GMT+0330,1.10133,1.10053,450,900
25.12.2023 08:51:12.480 GMT+0330,1.10142,1.10053,900,900
25.12.2023 08:51:12.631 GMT+0330,1.10133,1.10053,1350,900
25.12.2023 08:51:15.489 GMT+0330,1.10142,1.10053,900,900
25.12.2023 08:51:15.692 GMT+0330,1.10133,1.10053,1350,900
25.12.2023 08:51:18.499 GMT+0330,1.10142,1.10053,900,900
25.12.2023 08:51:18.650 GMT+0330,1.10133,1.10053,1350,900
25.12.2023 08:51:21.509 GMT+0330,1.10142,1.10053,900,900
25.12.2023 08:51:21.660 GMT+0330,1.10133,1.10053,1350,900
25.12.2023 08:51:24.467 GMT+0330,1.10142,1.10053,900,900
25.12.2023 08:51:24.668 GMT+0330,1.10133,1.10053,1350,900
25.12.2023 08:51:27.476 GMT+0330,1.10142,1.10053,900,900
25.12.2023 08:51:27.677 GMT+0330,1.10133,1.10053,1350,900
25.12.2023 08:51:30.485 GMT+0330,1.10142,1.10053,900,900
25.12.2023 08:51:30.686 GMT+0330,1.10133,1.10053,1350,900
25.12.2023 08:51:33.494 GMT+0330,1.10142,1.10053,900,900
25.12.2023 08:51:33.646 GMT+0330,1.10133,1.10053,1350,900
25.12.2023 08:51:36.504 GMT+0330,1.10142,1.10053,900,900
25.12.2023 08:51:36.655 GMT+0330,1.10133,1.10053,1350,900
25.12.2023 08:51:39.512 GMT+0330,1.10142,1.10053,900,900
25.12.2023 08:51:39.664 GMT+0330,1.10133,1.10053,1350,900
25.12.2023 08:51:42.472 GMT+0330,1.10142,1.10053,900,900
25.12.2023 08:51:42.673 GMT+0330,1.10133,1.10053,1350,900
25.12.2023 08:51:45.480 GMT+0330,1.10142,1.10053,900,900
25.12.2023 08:51:45.682 GMT+0330,1.10133,1.10053,1350,900
25.12.2023 08:51:48.489 GMT+0330,1.10142,1.10053,900,900
25.12.2023 08:51:48.690 GMT+0330,1.10133,1.10053,1350,900
25.12.2023 08:51:51.499 GMT+0330,1.10142,1.10053,900,900
25.12.2023 08:51:51.650 GMT+0330,1.10133,1.10053,1350,900
25.12.2023 08:51:54.508 GMT+0330,1.10142,1.10053,900,900
25.12.2023 08:51:54.659 GMT+0330,1.10133,1.10053,1350,900
25.12.2023 08:51:57.516 GMT+0330,1.10142,1.10053,900,900
25.12.2023 08:51:57.668 GMT+0330,1.10133,1.10053,1350,900
25.12.2023 08:52:00.476 GMT+0330,1.10142,1.10053,900,900
25.12.2023 08:52:00.678 GMT+0330,1.10133,1.10053,1350,900
25.12.2023 08:52:03.484 GMT+0330,1.10142,1.10053,900,900
25.12.2023 08:52:03.685 GMT+0330,1.10133,1.10053,1350,900
25.12.2023 08:52:06.493 GMT+0330,1.10142,1.10053,900,900
25.12.2023 08:52:10.765 GMT+0330,1.10133,1.10053,1350,900
25.12.2023 08:52:18.611 GMT+0330,1.10142,1.10053,900,900
25.12.2023 08:52:18.913 GMT+0330,1.10133,1.10053,1350,900
25.12.2023 08:52:21.523 GMT+0330,1.10142,1.10053,900,900
25.12.2023 08:52:21.574 GMT+0330,1.10133,1.10053,1350,900
25.12.2023 08:52:27.496 GMT+0330,1.10142,1.10053,900,900
25.12.2023 08:52:33.713 GMT+0330,1.10133,1.10053,1350,900
25.12.2023 08:52:36.521 GMT+0330,1.10142,1.10053,900,900
25.12.2023 08:52:36.672 GMT+0330,1.10133,1.10053,1350,900
25.12.2023 08:52:39.479 GMT+0330,1.10142,1.10053,900,900
25.12.2023 08:52:39.680 GMT+0330,1.10133,1.10053,1350,900
25.12.2023 08:52:42.488 GMT+0330,1.10142,1.10053,900,900
25.12.2023 08:52:42.689 GMT+0330,1.10133,1.10053,1350,900
25.12.2023 08:52:45.497 GMT+0330,1.10142,1.10053,900,900
25.12.2023 08:52:45.698 GMT+0330,1.10133,1.10053,1350,900
25.12.2023 08:52:48.506 GMT+0330,1.10142,1.10053,900,900
25.12.2023 08:52:48.707 GMT+0330,1.10133,1.10053,1350,900
25.12.2023 08:52:51.515 GMT+0330,1.10142,1.10053,900,900
25.12.2023 08:52:51.666 GMT+0330,1.10133,1.10053,1350,900
25.12.2023 08:52:54.473 GMT+0330,1.10142,1.10053,900,900
25.12.2023 08:52:54.725 GMT+0330,1.10133,1.10053,1350,900
25.12.2023 08:52:57.481 GMT+0330,1.10142,1.10053,900,900
25.12.2023 08:52:57.732 GMT+0330,1.10133,1.10053,1350,900
25.12.2023 08:53:00.490 GMT+0330,1.10142,1.10053,900,900
25.12.2023 08:53:00.692 GMT+0330,1.10133,1.10053,1350,900
25.12.2023 08:53:03.500 GMT+0330,1.10142,1.10053,900,900
25.12.2023 08:53:03.701 GMT+0330,1.10133,1.10053,1350,900
25.12.2023 08:53:06.509 GMT+0330,1.10142,1.10053,900,900
25.12.2023 08:53:06.710 GMT+0330,1.10133,1.10053,1350,900
25.12.2023 08:53:09.517 GMT+0330,1.10142,1.10053,900,900
25.12.2023 08:53:09.719 GMT+0330,1.10133,1.10053,1350,900
25.12.2023 08:53:12.477 GMT+0330,1.10142,1.10053,900,900
25.12.2023 08:53:12.678 GMT+0330,1.10133,1.10053,1350,900
25.12.2023 08:53:15.486 GMT+0330,1.10142,1.10053,900,900
25.12.2023 08:53:15.687 GMT+0330,1.10133,1.10053,1350,900
25.12.2023 08:53:18.494 GMT+0330,1.10142,1.10053,900,900
25.12.2023 08:53:24.964 GMT+0330,1.10133,1.10053,450,900
25.12.2023 08:53:27.572 GMT+0330,1.10142,1.10053,900,900
25.12.2023 08:53:27.924 GMT+0330,1.10133,1.10053,1350,900
25.12.2023 08:53:30.531 GMT+0330,1.10142,1.10053,900,900
25.12.2023 08:53:30.632 GMT+0330,1.10133,1.10053,1350,900
25.12.2023 08:53:33.540 GMT+0330,1.10142,1.10053,900,900
25.12.2023 08:53:33.641 GMT+0330,1.10133,1.10053,1350,900
25.12.2023 08:53:42.466 GMT+0330,1.10142,1.10053,900,900
25.12.2023 08:53:42.918 GMT+0330,1.10133,1.10053,1350,900
25.12.2023 08:53:45.575 GMT+0330,1.10142,1.10053,900,900
25.12.2023 08:53:45.928 GMT+0330,1.10133,1.10053,1350,900
25.12.2023 08:53:48.534 GMT+0330,1.10142,1.10053,900,900
25.12.2023 08:53:48.886 GMT+0330,1.10133,1.10053,1350,900
25.12.2023 08:53:51.543 GMT+0330,1.10142,1.10053,900,900
25.12.2023 08:53:51.945 GMT+0330,1.10133,1.10053,1350,900
25.12.2023 08:53:54.552 GMT+0330,1.10142,1.10053,900,900
25.12.2023 08:53:54.953 GMT+0330,1.10133,1.10053,1350,900
25.12.2023 08:53:57.560 GMT+0330,1.10142,1.10053,900,900
25.12.2023 08:53:57.962 GMT+0330,1.10133,1.10053,1350,900
25.12.2023 08:53:59.917 GMT+0330,1.10142,1.10053,900,900
25.12.2023 08:54:00.719 GMT+0330,1.10133,1.10053,1350,900
25.12.2023 08:54:03.477 GMT+0330,1.10142,1.10053,900,900
25.12.2023 08:54:03.929 GMT+0330,1.10133,1.10053,1350,900
25.12.2023 08:54:06.537 GMT+0330,1.10142,1.10053,900,900
25.12.2023 08:54:06.638 GMT+0330,1.10133,1.10053,1350,900
25.12.2023 08:54:09.545 GMT+0330,1.10142,1.10053,900,900
25.12.2023 08:54:09.947 GMT+0330,1.10133,1.10053,1350,900
25.12.2023 08:54:12.554 GMT+0330,1.10142,1.10053,900,900
25.12.2023 08:54:12.956 GMT+0330,1.10133,1.10053,1350,900
25.12.2023 08:54:15.566 GMT+0330,1.10142,1.10053,900,900
25.12.2023 08:54:15.917 GMT+0330,1.10133,1.10053,1350,900
25.12.2023 08:54:18.574 GMT+0330,1.10142,1.10053,900,900
25.12.2023 08:54:18.976 GMT+0330,1.10133,1.10053,1350,900
25.12.2023 08:54:21.583 GMT+0330,1.10142,1.10053,900,900
25.12.2023 08:54:21.634 GMT+0330,1.10133,1.10053,1350,900
25.12.2023 08:54:24.542 GMT+0330,1.10142,1.10053,900,900
25.12.2023 08:54:24.944 GMT+0330,1.10133,1.10053,1350,900
25.12.2023 08:54:27.551 GMT+0330,1.10142,1.10053,900,900
25.12.2023 08:54:27.652 GMT+0330,1.10133,1.10053,1350,900
25.12.2023 08:54:30.559 GMT+0330,1.10142,1.10053,900,900
25.12.2023 08:54:30.961 GMT+0330,1.10133,1.10053,1350,900
25.12.2023 08:54:33.568 GMT+0330,1.10142,1.10053,900,900
25.12.2023 08:54:33.970 GMT+0330,1.10133,1.10053,1350,900
25.12.2023 08:54:36.577 GMT+0330,1.10142,1.10053,900,900
25.12.2023 08:54:36.929 GMT+0330,1.10133,1.10053,1350,900
25.12.2023 08:54:39.535 GMT+0330,1.10142,1.10053,900,900
25.12.2023 08:54:39.938 GMT+0330,1.10133,1.10053,1350,900
25.12.2023 08:54:42.544 GMT+0330,1.10142,1.10053,900,900
25.12.2023 08:54:42.846 GMT+0330,1.10133,1.10053,1350,900
25.12.2023 08:54:45.554 GMT+0330,1.10142,1.10053,900,900
25.12.2023 08:54:45.655 GMT+0330,1.10133,1.10053,1350,900
25.12.2023 08:54:48.562 GMT+0330,1.10142,1.10053,900,900
25.12.2023 08:54:48.663 GMT+0330,1.10133,1.10053,1350,900
25.12.2023 08:54:51.571 GMT+0330,1.10142,1.10053,900,900
25.12.2023 08:54:51.973 GMT+0330,1.10133,1.10053,1350,900
25.12.2023 08:54:54.530 GMT+0330,1.10142,1.10053,900,900
25.12.2023 08:54:54.631 GMT+0330,1.10133,1.10053,1350,900
25.12.2023 08:54:56.836 GMT+0330,1.10142,1.10053,900,900
25.12.2023 08:54:57.638 GMT+0330,1.10133,1.10053,1350,900
25.12.2023 08:55:00.147 GMT+0330,1.10142,1.10053,900,900
25.12.2023 08:55:00.649 GMT+0330,1.10133,1.10053,1350,900
25.12.2023 08:55:03.569 GMT+0330,1.10142,1.10053,900,900
25.12.2023 08:55:03.620 GMT+0330,1.10133,1.10053,1350,900
25.12.2023 08:55:06.578 GMT+0330,1.10142,1.10053,900,900
25.12.2023 08:55:06.629 GMT+0330,1.10133,1.10053,1350,900
25.12.2023 08:55:09.541 GMT+0330,1.10142,1.10053,900,900
25.12.2023 08:55:09.642 GMT+0330,1.10133,1.10053,1350,900
25.12.2023 08:55:11.950 GMT+0330,1.10142,1.10053,900,900
25.12.2023 08:55:12.653 GMT+0330,1.10133,1.10053,1350,900
25.12.2023 08:55:15.563 GMT+0330,1.10142,1.10053,900,900
25.12.2023 08:55:15.664 GMT+0330,1.10133,1.10053,1350,900
25.12.2023 08:55:18.576 GMT+0330,1.10142,1.10053,900,900
25.12.2023 08:55:18.677 GMT+0330,1.10133,1.10053,1350,900
25.12.2023 08:55:21.538 GMT+0330,1.10142,1.10053,900,900
25.12.2023 08:55:21.639 GMT+0330,1.10133,1.10053,1350,900
25.12.2023 08:55:24.546 GMT+0330,1.10142,1.10053,900,900
25.12.2023 08:55:24.647 GMT+0330,1.10133,1.10053,1350,900
25.12.2023 08:55:27.555 GMT+0330,1.10142,1.10053,900,900
25.12.2023 08:55:27.656 GMT+0330,1.10133,1.10053,1350,900
25.12.2023 08:55:30.563 GMT+0330,1.10142,1.10053,900,900
25.12.2023 08:55:30.664 GMT+0330,1.10133,1.10053,1350,900
25.12.2023 08:55:32.970 GMT+0330,1.10142,1.10053,900,900
25.12.2023 08:55:33.673 GMT+0330,1.10133,1.10053,1350,900
25.12.2023 08:55:36.581 GMT+0330,1.10142,1.10053,900,900
25.12.2023 08:55:36.682 GMT+0330,1.10133,1.10053,1350,900
25.12.2023 08:55:36.833 GMT+0330,1.10135,1.10053,450,900
25.12.2023 08:55:39.539 GMT+0330,1.10142,1.10053,900,900
25.12.2023 08:55:39.640 GMT+0330,1.10135,1.10053,450,900
25.12.2023 08:55:42.548 GMT+0330,1.10142,1.10053,900,900
25.12.2023 08:55:42.649 GMT+0330,1.10135,1.10053,450,900
25.12.2023 08:55:45.557 GMT+0330,1.10142,1.10053,900,900
25.12.2023 08:55:45.658 GMT+0330,1.10135,1.10053,450,900
25.12.2023 08:55:47.964 GMT+0330,1.10142,1.10053,900,900
25.12.2023 08:55:48.666 GMT+0330,1.10135,1.10053,450,900
25.12.2023 08:55:51.574 GMT+0330,1.10142,1.10053,900,900
25.12.2023 08:55:51.675 GMT+0330,1.10135,1.10053,450,900
25.12.2023 08:55:54.583 GMT+0330,1.10142,1.10053,900,900
25.12.2023 08:55:54.684 GMT+0330,1.10135,1.10053,450,900
25.12.2023 08:55:57.542 GMT+0330,1.10142,1.10053,900,900
25.12.2023 08:55:57.644 GMT+0330,1.10135,1.10053,450,900
25.12.2023 08:56:00.553 GMT+0330,1.10142,1.10053,900,900
25.12.2023 08:56:00.704 GMT+0330,1.10135,1.10053,450,900
25.12.2023 08:56:03.561 GMT+0330,1.10142,1.10053,900,900
25.12.2023 08:56:03.663 GMT+0330,1.10135,1.10053,450,900
25.12.2023 08:56:06.570 GMT+0330,1.10142,1.10053,900,900
25.12.2023 08:56:06.671 GMT+0330,1.10135,1.10053,450,900
25.12.2023 08:56:09.534 GMT+0330,1.10142,1.10053,900,900
25.12.2023 08:56:09.686 GMT+0330,1.10135,1.10053,450,900
25.12.2023 08:56:12.541 GMT+0330,1.10142,1.10053,900,900
25.12.2023 08:56:12.692 GMT+0330,1.10135,1.10053,450,900
25.12.2023 08:56:14.948 GMT+0330,1.10142,1.10053,900,900
25.12.2023 08:56:15.700 GMT+0330,1.10135,1.10053,450,900
25.12.2023 08:56:18.556 GMT+0330,1.10142,1.10053,900,900
25.12.2023 08:56:18.657 GMT+0330,1.10135,1.10053,450,900
25.12.2023 08:56:21.564 GMT+0330,1.10142,1.10053,900,900
25.12.2023 08:56:21.665 GMT+0330,1.10135,1.10053,450,900
25.12.2023 08:56:24.573 GMT+0330,1.10142,1.10053,900,900
25.12.2023 08:56:24.674 GMT+0330,1.10135,1.10053,450,900
25.12.2023 08:56:27.532 GMT+0330,1.10142,1.10053,900,900
25.12.2023 08:56:27.683 GMT+0330,1.10135,1.10053,450,900
25.12.2023 08:56:30.540 GMT+0330,1.10142,1.10053,900,900
25.12.2023 08:56:30.692 GMT+0330,1.10135,1.10053,450,900
25.12.2023 08:56:33.550 GMT+0330,1.10142,1.10053,900,900
25.12.2023 08:56:33.801 GMT+0330,1.10135,1.10053,450,900
25.12.2023 08:56:36.509 GMT+0330,1.10142,1.10053,900,900
25.12.2023 08:56:36.911 GMT+0330,1.10135,1.10053,450,900
25.12.2023 08:56:39.568 GMT+0330,1.10142,1.10053,900,900
25.12.2023 08:56:39.769 GMT+0330,1.10135,1.10053,450,900
25.12.2023 08:56:42.477 GMT+0330,1.10142,1.10053,900,900
25.12.2023 08:56:42.779 GMT+0330,1.10135,1.10053,450,900
25.12.2023 08:56:45.487 GMT+0330,1.10142,1.10053,900,900
25.12.2023 08:56:45.938 GMT+0330,1.10135,1.10053,450,900
25.12.2023 08:56:48.545 GMT+0330,1.10142,1.10053,900,900
25.12.2023 08:56:48.696 GMT+0330,1.10135,1.10053,450,900
25.12.2023 08:56:51.555 GMT+0330,1.10142,1.10053,900,900
25.12.2023 08:56:51.807 GMT+0330,1.10135,1.10053,450,900
25.12.2023 08:56:54.513 GMT+0330,1.10142,1.10053,900,900
25.12.2023 08:56:54.764 GMT+0330,1.10135,1.10053,450,900
25.12.2023 08:56:57.471 GMT+0330,1.10142,1.10053,900,900
25.12.2023 08:56:57.974 GMT+0330,1.10135,1.10053,450,900
25.12.2023 08:57:00.532 GMT+0330,1.10142,1.10053,900,900
25.12.2023 08:57:00.833 GMT+0330,1.10135,1.10053,450,900
25.12.2023 08:57:03.490 GMT+0330,1.10142,1.10053,900,900
25.12.2023 08:57:03.942 GMT+0330,1.10135,1.10053,450,900
25.12.2023 08:57:06.549 GMT+0330,1.10142,1.10053,900,900
25.12.2023 08:57:06.701 GMT+0330,1.10135,1.10053,450,900
25.12.2023 08:57:09.559 GMT+0330,1.10142,1.10053,900,900
25.12.2023 08:57:09.710 GMT+0330,1.10135,1.10053,450,900
25.12.2023 08:57:12.567 GMT+0330,1.10142,1.10053,900,900
25.12.2023 08:57:12.718 GMT+0330,1.10135,1.10053,450,900
25.12.2023 08:57:15.577 GMT+0330,1.10142,1.10053,900,900
25.12.2023 08:57:15.678 GMT+0330,1.10135,1.10053,450,900
25.12.2023 08:57:18.535 GMT+0330,1.10142,1.10053,900,900
25.12.2023 08:57:18.686 GMT+0330,1.1013700000000002,1.10053,450,900
25.12.2023 08:57:21.545 GMT+0330,1.10142,1.10053,900,900
25.12.2023 08:57:21.696 GMT+0330,1.1013700000000002,1.10053,450,900
25.12.2023 08:57:24.554 GMT+0330,1.10142,1.10053,900,900
25.12.2023 08:57:24.705 GMT+0330,1.1013700000000002,1.10053,450,900
25.12.2023 08:57:27.562 GMT+0330,1.10142,1.10053,900,900
25.12.2023 08:57:27.714 GMT+0330,1.1013700000000002,1.10053,450,900
25.12.2023 08:57:30.571 GMT+0330,1.10142,1.10053,900,900
25.12.2023 08:57:30.722 GMT+0330,1.1013700000000002,1.10053,450,900
25.12.2023 08:57:33.531 GMT+0330,1.10142,1.10053,900,900
25.12.2023 08:57:33.682 GMT+0330,1.1013700000000002,1.10053,450,900
25.12.2023 08:57:36.539 GMT+0330,1.10142,1.10053,900,900
25.12.2023 08:57:36.790 GMT+0330,1.1013700000000002,1.10053,450,900
25.12.2023 08:57:39.469 GMT+0330,1.10142,1.10053,900,900
25.12.2023 08:57:39.821 GMT+0330,1.1013700000000002,1.10053,450,900
